3040 5118
526 541 762 606 arsamus.
1085 527 1165 625 '373

124 665 171 734 ad
189 667 377 758 complures
392 664 524 736 dedisse
543 666 715 756 ambigue,
734 680 768 732 et
785 689 861 759 quas
877 681 1006 735 tentare
1022 663 1168 755 singulo-

126 803 206 846 rum
220 779 348 845 animos
362 774 404 843 ad
421 801 527 846 novas
540 801 594 846 res
607 776 812 844 viderentur.
829 781 878 844 De
892 801 959 871 qua
978 777 1168 869 suspicione

106 891 251 958 'cernor
271 887 314 956 ab
335 894 484 979 Augusto
507 888 635 969 factus,
659 911 727 954 non
748 887 888 956 cessavit
909 884 1091 978 efflagitare
1111 883 1168 952 ali-

127 1025 246 1094 quem,
256 995 435 1090 cujuslibet
441 997 585 1080 ordinis,
595 996 767 1067 custodem
774 997 869 1066 iactis
875 1013 976 1092 atque
983 997 1080 1066 dictis
1088 999 1167 1063 suis.

178 1115 268 1180 Xlll.
293 1111 379 1204 Equi
395 1133 530 1204 quoque
548 1127 582 1180 ct
599 1133 770 1178 armorum
786 1108 899 1177 solitas
918 1110 1171 1176 exercitationes

129 1224 263 1290 omisit:
284 1220 493 1316 redegitque¹
516 1243 570 1302 se,
590 1218 742 1312 deposito
760 1221 869 1311 patrio
888 1218 1023 1304 habitu,
1043 1217 1086 1288 ad
1104 1217 1172 1310 pnl-

129 1331 216 1400 lium
230 1346 263 1398 et
276 1330 427 1422 crepidas
442 1357 449 1395 :
467 1347 568 1425 atque
579 1333 615 1398 in
626 1329 684 1398 tali
695 1345 783 1398 statu
797 1327 933 1398 biennio
943 1330 1013 1397 fere
1024 1351 1175 1422 perman·

131 1444 192 1523 sit,
216 1442 414 1508 contemtior
434 1443 469 1508 in
491 1437 580 1521 dies,
603 1454 636 1507 et
655 1441 813 1507 invisior:
835 1436 935 1520 adeo,
956 1454 995 1505 nt
1014 1441 1174 1531 imagines

131 1548 207 1644 ejus
228 1566 261 1618 et
277 1565 404 1618 statuas
424 1555 686 1618 'Nemausenses
706 1548 944 1632 subverterint3
965 1572 1005 1616 ac
1022 1547 1175 1616 familiari

132 1660 282 1754 quodam
296 1661 449 1726 convivio
464 1661 633 1726 mentione
646 1655 717 1750 ejus
734 1673 822 1742 orta,
837 1660 1012 1742 exstiterit;
1028 1662 1087 1754 qui
1097 1662 1177 1727 Caio

133 1769 360 1861 polliceretur,
380 1769 585 1836 «Confestim
603 1791 654 1850 se,
672 1771 699 1834 si
711 1765 860 1860 juberet,
876 1767 1031 1836 Rhodum
1049 1771 1178 1858 naviga

133 1899 266 1962 eurum,
282 1893 449 1975 caputque
469 1879 592 1948 exsulis
613 1883 679 1964 (sic
694 1883 783 1948 enim
798 1877 1045 1974 appellabatur)
1061 1879 1179 1946 relatu·

135 2014 251 2058 rum.»
276 1995 352 2076 Quo
371 1992 556 2082 praecipue,
579 2014 648 2056 non
664 1986 736 2081 jam
756 2007 867 2072 metu,
891 1989 951 2058 sed
971 1991 1177 2067 discrimine,

137 2114 276 2166 coactus
293 2114 359 2181 est,
376 2115 444 2169 tam
461 2100 545 2181 suis,
560 2123 662 2192 quam
679 2102 795 2166 matris
814 2101 1066 2197 impensissimis
1080 2103 1192 2192 preci¹

135 2211 203 2280 bus
227 2207 374 2280 reditum
400 2209 635 2302 expostulare:
661 2215 938 2307 impetravitque,
963 2209 1099 2306 adjutus
1123 2211 1181 2278 ali·

136 2339 303 2416 quantum
317 2324 417 2388 etiam
430 2345 521 2390 casu.
541 2324 749 2390 Destinatum
761 2329 911 2416 Augusto
926 2339 1011 2403 erat,
1027 2321 1108 2388 nihil
1126 2345 1179 2388 sn·

136 2456 202 2525 per
214 2457 252 2500 ea
263 2457 316 2514 re,
332 2435 448 2500 nisiex
461 2431 777 2526 veluntatemajbris
789 2434 863 2516 filii,
880 2450 1034 2502 statuere.
1051 2437 1082 2500 ls
1094 2433 1179 2498 forte
1197 2473 1200 2476 -

136 2563 221 2612 tnnc
233 2550 280 2612 M.
294 2544 400 2611 Lollio
413 2545 580 2627 offensior,
600 2545 704 2613 facilis
721 2546 962 2639 exorabilisque
976 2548 1010 2612 in
1027 2547 1179 2611 vitricum

136 2655 215 2727 fuit.
234 2653 464 2726 Permittente³
484 2681 563 2748 ergo
581 2659 673 2740 Caio,
696 2674 868 2724 revocatus
889 2674 956 2739 es13
978 2681 1094 2724 verum
1115 2655 1179 2722 sub

136 2883 177 2938 nd
190 2885 272 2936 Tacit.
287 2887 352 2936 llist.
366 2888 410 2952 lv,
428 2887 470 2953 48.
488 2889 508 2940 li
523 2907 552 2938 ex
566 2906 639 2938 com·
684 2892 849 2942 occasionem
865 2901 955 2940 stature
969 2885 1017 2940 illei
1032 2901 1123 2940 orecte
1140 2889 1178 2938 vi·

138 2978 231 3018 meatu
249 2963 280 3016 ad
301 2977 387 3018 castra
406 2968 432 3018 in
451 2967 583 3018 Orientem
600 2986 640 3016 re·
684 2967 1085 3038 dentur.Gronos.exeorrupta
1094 2965 1178 3020 Godd.

137 3043 255 3096 deantes
262 3043 427 3096 deverterant
435 3043 640 3097 officiieausnad
684 3047 796 3100 lectione
812 3046 884 3100 dedit
898 3048 1060 3100 Resaincnses
1075 3046 1117 3098 val
1131 3048 1181 3098 lte-

136 3121 290 3190 Ttberium‚
301 3137 326 3175 et
335 3123 369 3176 ab
378 3144 409 3175 eo
419 3122 550 3178 sollicitati
558 3123 591 3176 ad
600 3142 640 3176 res
684 3144 813 3182 stenem
827 3129 937 3180 Regni„
949 3131 1018 3180 onim
1029 3127 1182 3198 Mesopota.

140 3217 226 3254 novas
239 3201 275 3251 ibi
286 3201 428 3254 movendas
438 3201 604 3254 dicebantur.
686 3217 743 3266 mim
760 3213 838 3278 urbs,
856 3213 890 3266 (10
904 3231 956 3284 qua
974 3211 1068 3265 Cenat,
1085 3215 1180 3283 0303„

171 3279 239 3330 xlll.
250 3279 641 3354 l.fledeyllqueoe.·.atdpalllwn
686 3285 747 3337 Ant.
761 3287 808 3350 ΠΙ,
825 3285 868 3350 15,
881 3303 941 3356 pag.
953 3287 1017 3354 732,
1032 3283 1120 3356 itaque
1130 3297 1182 3335 sta.

140 3371 169 3411 el
179 3360 306 3432 mpldatr
320 3362 337 3412 l·
353 3379 377 3413 e.
391 3361 508 3412 Graecum
524 3359 644 3411 habitum
687 3377 791 3416 tuarum
808 3363 893 3418 bonos
904 3367 1047 3434 pertineret
1059 3363 1091 3414 ad
1103 3381 1183 3434 expe-

142 3440 250 3504 sumsit,
262 3457 314 3510 quo
324 3441 582 3510 prorsusnRomano
592 3457 649 3490 rut>
686 3440 814 3493 ditionem
828 3440 925 3493 'liberii
938 3443 965 3492 in
978 3440 1144 3502 Armeniam,
1158 3457 1181 3490 e.

142 3535 173 3568 re
182 3529 210 3568 et
218 3535 264 3588 spe
274 3519 385 3569 Romani
394 3519 497 3588 imperii
504 3517 642 3569 recessisse
687 3539 712 3591 9,
727 3521 830 3574 (leriam
842 3522 981 3574 lectionem
991 3537 1070 3571 nemo
1082 3517 1187 3570 dederit

141 3590 284 3648 videretur.
296 3595 412 3666 Scipioni
421 3599 499 3648 etiam
511 3594 641 3665 objectant
687 3603 713 3650 iu
728 3619 769 3664 re,
781 3619 838 3670 qum
850 3613 889 3650 tot
900 3599 965 3652 locis
976 3599 1032 3650 lieri
1044 3598 1139 3668 potuit.

142 3674 219 3747 apud
228 3675 281 3728 Lis.
294 3677 393 3739 xxm,
408 3693 454 3744 19,
470 3694 548 3728 uentu
558 3671 643 3745 pallio
724 3672 750 3724 3.
770 3673 937 3723 Permittente
956 3687 1015 3741 erpo
1038 3668 1115 3732 Gaio,
1134 3679 1183 3718 etc.

142 3754 304 3828 crepidisque
318 3755 482 3808 inambulare
494 3757 521 3806 in
536 3771 644 3826 gymna-
689 3751 757 3802 Anto
772 3751 907 3821 utriusque
920 3748 991 3818 (Caii
1006 3761 1032 3798 et
1043 3732 1131 3816 [ancill
1141 3745 1184 3797 in·

144 3837 200 3901 sio,
208 3833 302 3887 libellis
313 3839 390 3888 etiarn
400 3834 576 3907 palestraeque
585 3851 645 3904 ope·
689 3830 794 3894 teritum
801 3823 1036 3880 Tiberiumllhodo
1042 3826 1186 3890 revertisse,

144 3933 203 3966 ram
218 3913 294 3980 dare,
308 3928 378 3966 ete.»
690 3921 782 3964 auctor,
794 3910 872 3959 etiam
882 3905 974 3958 Vellei.
986 3907 1025 3971 ll,
1041 3903 1098 3956 103.
1111 3905 1186 3955 Mon-

184 4011 208 4046 a.
226 3993 409 4046 Nemausenses
416 4015 426 4053 ,·
439 3991 577 4056 Nemeaei,
589 3988 647 4041 Gal·
690 4001 750 4040 tuos
763 4000 850 4038 autern
864 3985 938 4052 illos,
956 3984 1048 4036 Gaium
1067 4002 1090 4035 a.
1108 3982 1133 4034 d.
1150 3981 1186 4034 [X

115 4063 122 4072 ⁸
142 4069 186 4124 lite
199 4069 378 4124 Narbonensis
390 4071 478 4134 urbis,
489 4067 590 4122 incole.
601 4071 648 4118 Re-
691 4066 748 4119 Kal.
762 4068 839 4118 Mart.
852 4083 914 4116 ann.
927 4063 987 4132 757,
1000 4065 1111 4116 Lucium
1120 4082 1145 4115 a.
1158 4061 1185 4112 d.

144 4153 214 4202 aisse
240 4163 328 4203 antem
351 4149 484 4202 Tiberium
510 4147 645 4200 Comatam
691 4140 1186 4216 XllKal.Sept.ann.755,notnvimus

145 4227 259 4281 Galliam
272 4226 382 4298 legimus
395 4247 451 4299 cap.
465 4246 497 4298 9,
511 4247 556 4299 per
569 4245 647 4298 quam
692 4224 723 4275 ad
732 4227 798 4294 Aug.
808 4219 1111 4276 65.RediisseTiherium
1120 4223 1187 4272 circa
