3036 5128
452 615 487 678 C.
512 615 542 678 J.
568 615 738 682 cAEsttt.
1074 615 1115 680 86

76 728 211 846 omuino
222 744 279 822 sit,
293 757 326 808 et
335 739 548 834 impudicitiae
559 767 653 824 eum,
666 763 699 809 et
708 739 949 809 adulteriorum
959 739 1118 833 flagrasse

78 852 225 928 infamia,
236 855 337 919 Curio
345 869 441 944 pater
450 850 596 948 quadam
606 877 684 920 eum
694 857 842 920 oratione
857 883 871 912 a
883 854 1035 920 omnium
1045 877 1117 920 mu·

77 961 195 1030 lierum
207 965 333 1042 virum,
347 979 381 1030 et
391 966 543 1032 omnium
555 966 703 1031 virorum
715 963 913 1031 mulierem»
929 962 1087 1056 appellat.

120 1075 210 1138 LIII.
236 1057 313 1138 Vini
338 1075 587 1170 'parcissimum
610 1099 653 1140 ne
673 1075 798 1154 inimici
821 1071 957 1167 quidem
977 1097 1118 1164 negave-

79 1197 163 1248 runt.
182 1182 332 1250 Verbum
348 1187 395 1249 M.
411 1185 546 1252 Catonis
565 1200 632 1251 est:
655 1188 795 1252 «Unum
816 1205 857 1250 cx
876 1181 1032 1251 omnibus
1051 1186 1119 1251 CaL

78 1315 187 1358 sarem
196 1290 239 1359 ad
248 1291 465 1360 evertendam
474 1292 729 1386 Rempublicam
740 1293 889 1360 sobrium
900 1295 1089 1362 accessisse.
1103 1325 1115 1353 ν

79 1406 159 1469 Nam
180 1406 269 1471 circa
288 1407 412 1472 victum
433 1409 469 1473 C.
490 1407 620 1498 Oppius
638 1403 723 1473 adeo
738 1403 987 1472 indifferentem
1003 1403 1119 1486 docet,

79 1529 115 1579 ut
128 1505 303 1609 quondam
319 1515 362 1583 ab
379 1512 529 1608 ²bospite
545 1515 719 1586 conditum
735 1515 848 1584 oleum
867 1540 930 1608 pro
947 1513 1044 1582 viridi
1061 1539 1119 1607 ap·

80 1629 226 1716 positum
238 1627 497 1720 aspernantibus
509 1631 645 1712 ceteris,
658 1628 768 1696 solum
780 1631 881 1696 etiam
894 1627 1020 1718 largius
1033 1624 1123 1694 dicat

79 1738 262 1827 appetisse,
280 1761 322 1804 ne
341 1739 508 1830 hospitem
526 1754 585 1805 aut
603 1738 830 1830 negligentiae,
850 1752 909 1804 aut
928 1737 1122 1803 rusticitatis

80 1843 249 1914 videretur
262 1871 413 1940 arguere.

124 1961 211 2024 LIV.
235 1957 495 2028 ¹Abstiucntiam
506 1984 616 2055 neque
627 1965 663 2029 in
675 1965 840 2054 imperiis,
853 1984 963 2055 neque
975 1962 1010 2027 in
1021 1961 1124 2050 magi-

81 2068 238 2136 stratibus
254 2073 418 2162 praestitit.
435 2076 482 2139 Ut
493 2074 584 2139 enim
598 2071 735 2166 quidam
749 2074 976 2140 monumentis
992 2072 1060 2138 suis
1075 2086 1123 2137 te-

114 2255 177 2308 LIII.
202 2273 224 2307 1.
244 2256 577 2328 Viniparcissimum,etc.
623 2256 772 2310 Rolnes.atl
783 2254 1122 2328 h.l.,atteganssalm.ad

82 2331 400 2406 Vetl.11‚41:·1ttagn0
413 2337 451 2390 illi
464 2337 579 2391 Alexam
623 2337 714 2409 Simpl.
732 2355 793 2408 pag.
815 2353 861 2402 22,
882 2335 929 2401 23,
948 2347 974 2386 et
992 2353 1050 2405 qua
1068 2337 1124 2406 ipse

81 2409 141 2477 dro,
151 2411 200 2464 sed
213 2413 295 2468 sobrio
302 2415 580 2486 nequsiracundo,si·
623 2425 762 2466 notaverat
772 2413 809 2465 atl
820 2411 952 2464 Plutarch.
966 2413 1030 2464 cas.
1044 2411 1123 2477 Quod

84 2489 213 2543 millimns.
223 2517 235 2541 ι
253 2492 352 2546 Eadem
368 2513 400 2545 ea
416 2495 468 2546 fnit
478 2494 579 2546 Gallico
624 2514 686 2548 vero
701 2493 735 2546 ad
748 2492 905 2545 firmandam
915 2491 985 2544 lianc
997 2492 1126 2562 interpre-

83 2570 174 2623 Caesari
195 2571 370 2645 (Napoleon)
388 2573 533 2638 sobrietas,
554 2586 581 2625 et
625 2575 753 2626 tationem
776 2571 887 2638 dicunt,
910 2573 998 2624 oleum
1021 2569 1124 2644 myrrba

84 2648 257 2702 circavictnm
263 2651 529 2716 indifferentis;atleo
537 2666 579 2716 ut,
625 2652 763 2705 conditum
774 2651 873 2705 lautius
886 2651 967 2703 fuisse
981 2663 1007 2701 et
1018 2648 1126 2721 elegan-

85 2725 143 2778 dum
163 2729 334 2782 consulatum
351 2732 450 2802 gessit,
474 2745 580 2785 tenuem
626 2729 803 2796 tius,nedum
815 2729 928 2800 hospitis
939 2727 1125 2798 negligentiam

85 2807 157 2857 l¹rirni
173 2807 293 2860 consulis
304 2811 403 2861 victum
417 2822 444 2861 et
459 2809 580 2863 brevissi·
627 2823 653 2862 et
665 2810 836 2860 rusticitatem
852 2807 993 2878 arguisset,
1008 2805 1035 2857 id
1048 2805 1127 2858 refel-

85 2902 150 2936 Μαι
164 2905 267 2938 coenarn
281 2885 443 2940 lautitiarum
464 2901 581 2948 amantes
626 2888 657 2940 lit
670 2886 844 2954 I‘lutarcbus,
858 2889 903 2956 qui
916 2885 951 2938 de
965 2882 1074 2954 ippotclp
1088 2885 1128 2936 lo-

85 2964 217 3031 timerent,
241 2965 356 3018 Secundi
378 2985 439 3018 vero
463 2966 580 3020 consulis
627 2969 724 3039 quitur,
740 2967 839 3036 optime
854 2963 1128 3036 sinedubiognarus,

85 3045 184 3112 opimas
197 3059 223 3098 et
234 3065 295 3098 rere
306 3047 477 3099 Lucullianos
490 3047 581 3120 epulas
627 3045 692 3118 quid
702 3047 744 3098 sui
753 3045 879 3118 temporis
891 3043 1029 3097 hominurn
1037 3043 1128 3115 palato

87 3139 309 3179 consectarentur.
627 3124 753 3196 placeret.

113 3203 582 3276 2.Abbospiteconditumoleum,etc.
663 3199 1128 3255 LIV.t.Abstlnentiam.Eanaler.

86 3281 147 3334 Vide
154 3283 222 3336 Plut.
231 3285 295 3337 Cas.
307 3303 346 3356 17.
355 3286 520 3354 Cujuslocus
529 3304 584 3337 non
629 3281 699 3333 Max.
713 3281 758 3348 IV,
770 3282 802 3346 3,
815 3295 841 3333 et
853 3283 910 3353 ipse
922 3283 1035 3352 opponit
1046 3281 1130 3331 αυανί-

87 3359 203 3418 dubitare
215 3384 264 3418 nos
271 3365 362 3436 jubet,
374 3367 439 3437 quin
451 3364 584 3435 intelligo·
630 3363 672 3412 tta
691 3373 717 3412 et
735 3360 854 3434 pecunie
871 3360 997 3432 cupidini.
1016 3357 1131 3424 Gallice,

88 3459 140 3493 nius
151 3461 213 3495 cum
224 3442 337 3495 Casaub.
351 3443 438 3496 oleum
451 3444 584 3496 conditum
629 3438 869 3492 desinttlrcssement.
882 3439 921 3490 De
936 3457 963 3488 re
976 3438 1047 3489 conf.
1063 3437 1131 3502 Dio,

87 3518 198 3591 (penult.
218 3522 381 3595 producta),
399 3525 417 3575 i.
437 3542 462 3576 e.
480 3522 584 3595 myrrha
629 3519 711 3586 XLII,
731 3519 773 3588 49.
788 3549 824 3560 -
841 3521 933 3592 Neque
952 3519 980 3570 in
1000 3515 1131 3588 imperiis,

87 3599 210 3652 intectum
234 3599 281 3670 (et
302 3603 339 3654 sic
358 3603 437 3653 etiam
458 3600 585 3653 intellexit
631 3617 714 3672 neque
732 3599 761 3648 in
775 3597 972 3674 mapistratibus.
992 3597 1031 3647 Ita
1049 3593 1134 3660 infra,

89 3677 253 3746 Ilouraton,
263 3679 360 3746 Essat's,
370 3680 407 3746 II,
417 3679 465 3746 33,
476 3679 521 3730 ubi
529 3699 585 3731 rem
630 3695 654 3728 c.
666 3675 716 3747 75,
731 3699 742 3724 a
753 3677 976 3748 magistratusque
986 3688 1012 3726 et
1023 3674 1133 3746 imperia

89 3759 190 3828 tangit).
201 3761 270 3812 Usus
280 3758 391 3831 myrrha
402 3772 457 3810 erat
469 3759 547 3810 etiam
557 3760 584 3810 in
631 3773 734 3827 capere.
747 3777 758 3802 ι
770 3755 885 3826 Imperia
893 3757 921 3805 in
927 3751 1071 3826 provinciis
1077 3767 1134 3821 ges-

90 3835 235 3889 condiendo
243 3835 510 3906 vino,uttlocetl'lin.
518 3838 585 3889 Hist.
631 3835 664 3886 sit
686 3832 733 3885 ubi
756 3833 915 3885 exercitibus
934 3830 1040 3902 praefuit
1060 3827 1134 3898 (erat

91 3913 147 3965 Ilat.
164 3916 233 3980 XIV,
250 3915 297 3979 15,
312 3919 359 3988 qui
372 3929 460 3968 tamen
477 3915 512 3967 ad
526 3915 585 3967 lau·
632 3913 702 3964 enim
717 3913 855 3984 imperium
869 3911 908 3963 rei
919 3909 1037 3961 militaris
1050 3905 1135 3959 admi-

91 3993 185 4046 tissima
195 3995 253 4046 vina
265 3993 374 4067 myrrhae
384 3993 467 4047 odore
478 3995 585 4047 condita
632 3990 772 4046 nistrantlae
791 3990 919 4056 facultas,
938 3989 977 4040 uti
995 3987 1085 4058 Sigon.
1101 3985 1135 4039 ad

92 4072 174 4123 refert.
190 4073 252 4140 Alii,
266 4089 297 4127 ut
310 4077 397 4126 burm.
410 4087 436 4126 et
452 4075 530 4142 Ern,
545 4075 586 4125 in·
632 4074 686 4123 Liv.
702 4071 823 4137 XXVIII,
841 4069 905 4140 38);
924 4069 1090 4140 maqistratus
1108 4066 1134 4117 iu

92 4149 207 4222 tcll'gunt
225 4153 358 4207 conditum
377 4172 392 4206 a
413 4153 539 4219 condere,
558 4167 587 4205 ut
632 4150 714 4203 Urbe.
732 4151 809 4203 Conf.
829 4151 937 4202 omnino
954 4149 1043 4218 Sigon.
1058 4145 1076 4198 l.
1096 4165 1135 4210 c.,

92 4229 124 4280 sit
142 4230 228 4282 oleum
248 4243 331 4299 nebu,
350 4233 426 4285 nimis
440 4231 485 4284 dtu
502 4250 587 4284 scrua-
634 4245 658 4283 et
672 4228 704 4282 tle
715 4231 774 4280 Ant.
784 4230 971 4282 Jurcl'rovinc.
981 4227 1030 4294 III,
1043 4226 1057 4279 5
1069 4238 1094 4277 ot
1105 4225 1135 4286 6,

94 4317 159 4374 tunt,
170 4309 303 4380 quomodo
314 4312 501 4382 interpretatus
510 4314 588 4363 etiam
635 4330 661 4381 p.
676 4326 721 4378 ²9¹
737 4327 791 4379 scq.
