2982 5116
320 586 323 592 '
353 572 516 638 OCTAV.
542 571 801 640 AUGUSTUS.

71 727 180 798 quam,
198 700 252 770 vel
274 714 352 767 ante
375 701 515 778 initum,
536 696 591 766 vel
613 715 690 790 post
715 697 889 767 dimissum
911 706 1103 774 convivium

72 813 156 881 solus
166 809 359 893 coenitabat,
372 833 478 904 quum
490 807 591 901 pleno
603 810 756 876 convivio
768 809 851 876 nihil
862 827 1022 903 tangeret.

111 929 267 992 LXXVII.
293 925 368 989 Vini
391 945 526 1016 quoquc
550 936 669 988 natura
687 923 902 1013 parcissimus
921 941 1003 992 erat.
1026 931 1102 996 Non

70 1032 204 1126 amplius
216 1050 267 1100 ter
282 1030 396 1099 bibere
414 1055 492 1098 eum
510 1029 646 1098 solitum
664 1055 766 1124 super
784 1056 913 1100 coenam
932 1036 967 1101 in
985 1041 1101 1106 castris

48 1201 50 1204 .
71 1142 153 1238 apud
165 1146 346 1226 Mutinam,
356 1141 548 1210 Comelius¹
564 1145 676 1234 Nepos
692 1135 802 1210 tradit.
823 1148 956 1226 Postea,
972 1151 1102 1240 quoties

69 1253 262 1346 largissime²
272 1278 306 1321 se
314 1256 483 1334 invitaret,
494 1275 592 1320 senos
603 1267 768 1321 sextantes
779 1278 849 1322 non
859 1258 1016 1338 excessit,
1027 1274 1102 1341 aut,

70 1368 96 1432 si
108 1363 332 1448 excessisset³,
353 1362 531 1457 rejiciebat.
551 1368 593 1430 Et
606 1367 749 1432 maxime
768 1363 951 1434 delectatus
968 1384 1019 1435 est
1033 1375 1103 1436 Rae·

69 1474 163 1560 nicol,
181 1498 293 1572 neque
307 1492 433 1543 temere
448 1473 593 1541 interdiu
607 1471 700 1540 bibit.
720 1478 785 1541 Pro
798 1479 934 1568 potione
950 1478 1103 1546 sumebat

68 1587 235 1679 perfusum
254 1602 342 1682 aqua
359 1585 479 1678 frigida
497 1608 635 1678 panem,
657 1601 715 1652 aut
735 1589 922 1654 cucumeris
939 1587 1101 1672 frustum,

1034 581 1102 674 289

68 1813 156 1866 aiieste
168 1789 349 1880 correctione,
364 1817 418 1868 sine
430 1812 561 1868 obseruan-
604 1815 631 1864 in
644 1811 745 1878 cpont
760 1814 799 1866 De
813 1812 863 1865 bac
873 1816 1049 1866 Romanorum
1061 1813 1103 1866 lu-

68 1892 110 1958 tia,
119 1906 288 1966 etcomparat
295 1894 363 1947 Gall.
371 1895 561 1960 inadvertonce,
605 1894 678 1944 auria
688 1893 777 1945 Senec.
789 1891 823 1944 ad
833 1890 908 1944 Heln.
919 1911 978 1964 cap.
987 1910 1019 1962 9:
1034 1895 1103 1944 «Vo-

68 1982 92 2022 et
105 1971 348 2027 inconsiderantiam
365 1975 453 2026 Nostr.
468 1969 559 2026 Claud.

67 2063 121 2119 cap.
134 2051 177 2120 39.

98 2135 221 2190 Lxxvu.
238 2153 259 2189 r.
270 2138 401 2191 Cornelius
411 2141 498 2211 Nepos
509 2148 561 2190 tra—

67 2213 114 2276 dit,·
132 2234 184 2286 quo
202 2215 289 2282 libro,
303 2219 440 2269 incertum.
456 2217 561 2271 Obiisse

67 2293 213 2348 Cornelium
228 2298 378 2368 principatu
396 2298 453 2350 Divi
468 2299 561 2367 Augu-

67 2374 111 2440 sti,
131 2387 243 2428 testatur
263 2375 327 2427 Plin.
349 2378 414 2428 [list.
437 2379 500 2429 Nat.
520 2376 560 2442 X,

69 2449 98 2503 23
111 2451 183 2526 (30).

100 2558 123 2591 a.
143 2543 250 2613 Quoties
266 2542 406 2618 largissime
422 2563 448 2596 se
465 2544 561 2594 invita-

67 2629 115 2682 ret·
131 2620 280 2694 largissime
297 2623 410 2676 biberet.
430 2653 466 2664 --
483 2624 562 2676 Senos

67 2708 199 2767 munta,
213 2713 265 2752 etc.
275 2701 383 2754 Sextum
396 2699 463 2753 duos
478 2702 564 2753 conti-

66 2775 142 2830 nebat
161 2778 283 2850 cystim
303 2779 413 2853 cyathus
433 2777 563 2831 duodeci·

67 2873 132 2908 mam
142 2871 249 2929 partem
256 2859 374 2925 amorii,
389 2872 419 2911 ut
430 2858 497 2910 adeo
509 2857 564 2911 seni

67 2949 187 2991 sextantes
193 2939 337 2992 duodecim
345 2937 505 3011 cyathosvel
511 2958 566 2992 sex-

67 3018 158 3068 tarium
174 3015 321 3070 efficerent.
340 3020 379 3069 lta
395 3018 474 3070 triens
488 3018 563 3069 tertia

66 3112 175 3166 pareest
188 3100 297 3153 sextarii
308 3101 361 3151 sive
373 3113 488 3171 quatuor
502 3118 570 3172 eya,

66 3175 102 3229 tbi
112 3179 230 3232 Martial.
240 3181 313 3246 Vlll‚
324 3179 368 3247 51,
379 3181 425 3247 243
438 3180 566 3252 quadrans

67 3259 167 3310 antarii
184 3269 279 3328 quarta
291 3276 353 3329 pars
367 3259 420 3310 sive
437 3271 489 3310 tres
504 3276 565 3329 cya-

68 3332 104 3386 tbi
113 3337 229 3390 Martial-
240 3337 291 3402 lX,
303 3339 354 3406 94,
367 3355 391 3392 a.
409 3335 499 3403 ldem,
511 3338 564 3402 XI,

67 3412 116 3480 36,
129 3430 154 3485 72

605 1984 698 2037 munt,
719 1983 748 2022 ut
768 1967 866 2032 edant;
887 1969 986 2036 edunt,
1008 1983 1038 2022 ut
1055 1989 1105 2022 vo·

605 2063 694 2112 manu
713 2061 739 2101 et
755 2050 861 2121 epulas,
879 2067 944 2121 quas
964 2063 1022 2102 toto
1040 2049 1105 2102 orbe

605 2130 784 2198 conquirunt,
806 2145 855 2180 nec
876 2146 1042 2199 concoquere
1063 2128 1105 2181 ‹li-

604 2219 748 2276 guantum

640 2286 665 2352 4.
684 2287 788 2339 Retico.
800 2288 865 2339 Plin.
879 2289 945 2340 illst.
960 2289 1022 2340 Nat.
1036 2287 1105 2356 XlV,

605 2367 622 2418 6
642 2365 710 2438 (8),
731 2369 782 2418 «ln
798 2367 943 2418 Veronensi
963 2369 1027 2418 item
1047 2367 1106 2418 llae-

605 2443 656 2494 tica
667 2443 771 2514 (vina),
786 2442 901 2494 Falernis
913 2454 1017 2515 tantum
1028 2455 1105 2512 post·

604 2519 695 2572 habita
714 2540 731 2572 a
746 2518 866 2590 Virgilio.
878 2545 889 2567 ι
909 2519 1027 2590 (Locum
1041 2519 1106 2572 dicit

605 2599 701 2670 Georg.
716 2601 754 2664 11,
770 2599 821 2668 96,
840 2612 887 2650 aet
900 2615 954 2667 quo
969 2610 995 2649 te
1009 2601 1106 2650 carmi·

607 2698 640 2731 ue
654 2679 753 2744 dicam,
767 2678 880 2729 Ratira?
894 2695 942 2728 nac
957 2675 1030 2728 cellis
1044 2676 1106 2728 ideo

607 2755 739 2810 contende
752 2755 898 2809 Falernis·
915 2754 987 2806 Idem
1002 2767 1109 2827 tamen,

607 2836 701 2887 eodem
711 2853 769 2907 cap.
780 2837 872 2902 XIV,··
881 2835 963 2886 Divus
973 2836 1107 2905 Augustus

607 2914 724 2967 Setinum
741 2913 855 2985 praetulit
873 2915 1013 2980 cunctis,»
1036 2912 1110 2986 quod

608 3011 706 3046 nomen
730 2991 824 3044 babuit
850 2992 884 3043 ab
911 2992 1012 3063 oppido
1040 2993 1111 3045 Setia

607 3091 691 3144 prope
718 3073 899 3124 Tarracinam.
920 3069 997 3122 'Idem
1021 3083 1111 3124 narrat

608 3151 691 3217 ibid,
713 3151 793 3204 univi
815 3151 929 3218 Augusti
947 3148 1110 3220 judiciomm

609 3249 640 3281 ac
659 3229 740 3301 palati
758 3231 946 3301 peritissimum
963 3247 977 3279 e
994 3228 1111 3295 libertis,

609 3326 747 3362 censuram
765 3309 818 3360 vini
838 3310 865 3359 in
884 3307 975 3380 epulas
995 3309 1051 3377 ejus
1069 3309 1110 3358 fa·

609 3391 737 3452 cientem,
757 3386 852 3439 dixisse
871 3386 970 3458 hospiti
989 3385 1023 3437 de
1041 3385 1112 3438 indi·

67 3487 500 3558 Qaionnea‚2mc5.2h0,‚1„„,mq„
508 3499 566 3542 pb„
609 3485 677 3540 gena
687 3468 763 3536 vino,
777 3484 876 3517 novum
887 3463 992 3536 quidem
1005 3463 1056 3516 sibi
1066 3483 1113 3535 gu·
1126 3545 1130 3553 ι

128 3573 174 3602 ¹¹²⁸·
610 3561 679 3600 stum
690 3565 748 3600 esse
763 3565 840 3613 eum,
855 3560 935 3618 atque
948 3563 1003 3596 non
1019 3563 1050 3597 ex
1063 3563 1113 3596 no-

68 3628 218 3683 nominibus
234 3629 267 3681 ab
280 3631 346 3682 assis
357 3627 484 3682 divisione
496 3631 565 3700 peti·
610 3627 725 3692 bilibus,
748 3623 794 3680 sed
815 3627 943 3678 Caesarem
962 3642 1017 3676 non
1041 3623 1113 3676 aliud

67 3708 106 3760 tia.
115 3709 347 3762 Sextariusautam
357 3721 428 3762 sexta
437 3721 567 3780 parserat
610 3718 736 3778 potorum
745 3721 774 3764 3·
794 3701 868 3774 quod
881 3714 908 3754 et
922 3703 1008 3772 ipsum
1023 3713 1116 3752 osten-

65 3789 169 3862 eonpii,
190 3791 302 3862 congius
315 3801 407 3841 octava
425 3787 566 3860 ampliore.
611 3784 663 3848 dit,
674 3785 822 3853 Augustum
834 3782 861 3831 in
874 3777 1040 3850 exquirendis
1052 3795 1115 3848 pre-

68 3864 143 3920 cont.
160 3867 305 3934 Budarem,
322 3866 356 3920 de
369 3868 449 3934 Asse,
458 3869 494 3934 V,
505 3886 567 3939 pag.
613 3862 764 3914 tiosioribus
775 3860 842 3910 vinis
855 3856 928 3908 haud
942 3857 1020 3908 nimis
1034 3857 1115 3908 fuisse

67 3943 134 4016 567,
158 3945 224 4000 edit.
248 3946 368 4018 Lugdun.
393 3959 419 3998 et
439 3946 569 3998 Tabulam
614 3941 764 3994 delicatum.
781 3938 922 3990 Suetonius
936 3936 962 3988 h.
977 3935 995 3986 l.
1007 3946 1114 3988 secutus

67 4027 111 4078 Vll
131 4025 251 4079 Martiali
269 4026 434 4096 subjectam,
453 4039 517 4078 tom.
539 4028 569 4092 1,
613 4014 1053 4087 videturVirgilium,lloeticumob
1064 4017 1116 4069 Au-

66 4121 128 4176 pefi-
140 4103 194 4160 505
206 4104 287 4178 hujus
298 4104 427 4158 Editionis
440 4117 546 4157 nostra.
614 4099 684 4172 gusti
697 4096 815 4170 palatum
829 4094 998 4161 laudantem,
1017 4110 1071 4165 quo
1089 4102 1116 4142 et

101 4184 127 4236 3.
142 4185 216 4251 Aut,
230 4183 416 4250 sesomires,
429 4182 571 4256 rejiciebam
617 4181 751 4232 insecutos
769 4176 902 4248 principes
916 4191 997 4241 usos,
1016 4173 1089 4226 Plin.
1108 4171 1118 4223 l

68 4267 178 4316 sonitu.
192 4263 271 4316 Conf.
284 4261 386 4316 Emest.
398 4259 472 4314 Clas.
486 4261 568 4314 Cicer.
621 4279 644 4312 o.
663 4271 782 4312 testatur.

157 4353 186 4416 Ι.
944 4369 982 4434 19
