3036 5128
366 519 406 584 88
736 519 773 581 C.
798 518 1030 584 SUETONll

365 645 645 712 stantissimorum
655 643 882 735 gloriam,aut
891 646 1042 712 excessit.
1052 647 1131 710 Post
1140 643 1409 708 ²accusationem·

363 751 545 822 Dolabellae
558 751 765 824 hauddubie
778 754 984 849 principibus
998 757 1148 848 patronis
1164 769 1396 822 annumeratus

364 879 425 930 est.
439 869 535 932 Certe
546 866 679 932 Cicero.3
691 863 734 932 ad
745 870 901 950 Brutum,
915 881 1062 934 oratores
1074 885 1295 946 enumerans,
1309 879 1397 953 negat

369 997 430 1040 «se
446 971 578 1057 videre,
597 977 652 1042 cui
674 980 784 1044 Caesar
803 973 924 1043 debeat
941 973 1077 1057 ecdere;
1095 977 1226 1069 aitque,
1246 995 1324 1040 eum
1343 970 1399 1038 ele·

365 1099 518 1176 gentem,
533 1085 744 1178 splendidam
756 1111 907 1183 quoque,
919 1103 1021 1183 atque
1034 1089 1136 1154 etiam
1147 1084 1356 1178 magnificem
1365 1105 1398 1148 ac

366 1219 562 1287 generosam
574 1197 824 1293 quodammodo
835 1203 1000 1269 rationem
1011 1198 1143 1268 dicendi
1153 1215 1285 1266 tenere:
1296 1227 1309 1258 ι
1322 1211 1354 1262 et
1362 1191 1398 1260 ad

365 1306 558 1374 Cornelium
570 1313 732 1401 Nepotem
746 1308 788 1376 de
800 1309 920 1378 eodem
931 1313 976 1376 ite
990 1311 1138 1402 scripsit:
1157 1305 1292 1392 aQuid?
1305 1319 1400 1372 orato

366 1440 443 1484 rum
463 1441 564 1512 wem
584 1418 663 1487 huic
681 1435 865 1514 antepones
886 1443 1022 1504 eorum,
1042 1423 1100 1514 qui
1121 1417 1205 1486 nihil
1224 1413 1317 1484 aliud
1337 1436 1400 1504 ege

366 1531 465 1594 runt?
479 1531 561 1614 Quis
570 1533 748 1614 ⁸sententiis
763 1545 822 1598 aut
835 1532 977 1612 acutior,
989 1545 1049 1596 aut
1059 1529 1227 1596 crebrior?
1243 1529 1325 1612 Quis
1336 1545 1399 1591 ver·

367 1635 418 1703 bis
430 1652 489 1704 eut
500 1641 664 1720 ornatior,
677 1656 736 1706 aut
748 1639 974 1732 elegantiori»
989 1643 1104 1708 Genus
1117 1637 1318 1732 eloquentiae
1328 1631 1400 1699 dun·

367 1763 460 1813 taxat
474 1745 669 1816 adolescens
686 1747 797 1818 adhuc
813 1747 1005 1818 Strabonis4
1020 1750 1159 1816 Caesaris
1174 1761 1311 1814 secutus
1325 1739 1400 1810 vide

369 1872 440 1935 tur;
453 1853 550 1947 cujus
562 1859 661 1925 etiam
678 1883 719 1926 ex
735 1861 901 1940 oratione,
919 1881 994 1951 quae
1008 1855 1198 1924 inscribitur
1212 1855 1278 1919 Pro
1289 1849 1399 1928 Sardis,

368 2027 559 2096 cogitationum
577 2043 604 2083 et
622 2034 810 2104 occupationes
827 2051 869 2086 re·
914 2031 1045 2084 emendat.
1053 2033 1145 2103 ltaque
1152 2047 1234 2101 quum
1245 2027 1279 2080 ad
1287 2025 1354 2078 hanc
1362 2017 1403 2070 ele·

369 2123 427 2156 rum
437 2107 523 2160 minus
535 2109 723 2183 ineloquentia
735 2113 870 2177 effecerit,
913 2100 1402 2181 gantiamverborumlratinorttm(q⁰²s

370 2201 449 2254 mam
464 2181 580 2238 divinum
596 2191 652 2259 ejus
668 2190 802 2260 ingenium
819 2208 869 2261 po·
914 2189 1017 2242 etiamsi
1030 2200 1121 2239 orator
1132 2204 1186 2238 non
1198 2187 1248 2252 sis,
1260 2195 1287 2237 et
1298 2179 1403 2245 eisingr-

371 2260 494 2316 stulabat.
504 2287 515 2310 ι
526 2265 626 2320 lbidem
633 2267 739 2322 Cesaris
747 2269 816 2323 liber
822 2289 870 2342 pro
914 2286 984 2321 uuus
993 2269 1057 2320 civis
1068 2270 1215 2330 Romanus,
1227 2278 1317 2317 tamen
1326 2269 1404 2310 nee&

370 2341 489 2395 Samnite
500 2360 730 2412 commemoratur,
743 2351 786 2400 cui
796 2347 871 2400 lenti·
916 2348 984 2399 saris
995 2345 1048 2416 est)
1060 2345 1179 2416 adjungit
1190 2343 1234 2395 illa
1247 2337 1357 2394 oratoria
1366 2349 1403 2384 et·

372 2422 435 2476 tudo
448 2441 479 2474 ec
489 2437 563 2495 tepor
569 2426 702 2479 tribuitur.
713 2427 872 2492 abeodem,
917 2439 1040 2478 nements
1049 2423 1172 2488 dicendi;
1183 2439 1238 2476 tum
1248 2420 1349 2474 videtur
1357 2427 1403 2464 tw·

372 2519 432 2572 cap.
447 2503 494 2569 25,
505 2503 592 2556 Cesar
600 2506 759 2576 splendidior
768 2505 872 2558 dicitur.
917 2523 997 2576 quam
1008 2503 1110 2558 tabulas
1119 2505 1187 2556 bene
1194 2504 1281 2575 pictas
1287 2495 1404 2550 eolloctrt

373 2581 413 2633 Cf.
423 2581 489 2635 Plut.
499 2583 564 2637 Caes.
572 2585 596 2638 3.
607 2615 643 2625 —
652 2583 733 2653 Quod
740 2586 873 2657 aequitum
918 2586 945 2635 in
953 2583 1025 2635 bono
1033 2582 1141 2634 lumine.
1148 2585 1223 2634 Hanc
1231 2596 1313 2652 quum
1319 2571 1404 2656 haheat

372 2660 611 2734 militariqueorte,
624 2665 725 2717 Heinsii
736 2678 776 2717 est
787 2683 875 2717 emen·
918 2663 1078 2735 praecipuam
1095 2660 1200 2714 laudem
1221 2661 1250 2710 in
1269 2665 1404 2709 communt-

372 2737 462 2808 dstio,
477 2755 582 2813 recepta
596 2761 612 2794 a
623 2742 732 2796 Wolfio.
747 2742 875 2809 Codices,
918 2743 983 2806 bus,
994 2757 1048 2790 non
1058 2738 1151 2805 video,
1160 2727 1403 2790 cuidebeatcedere

374 2816 533 2888 Eloquentia
542 2819 875 2893 militati,quotuvelquu·
919 2819 1087 2893 Splendidam
1101 2816 1243 2890 quamdam
1257 2813 1404 2876 minimeque

374 2917 414 2964 re,
427 2899 497 2951 unde
508 2901 578 2970 lips.
590 2903 704 2971 conjecit
714 2900 876 2975 militarique
919 2899 1102 2952 veteratoriam
1116 2898 1244 2948 rationem
1258 2887 1360 2944 dicendi
1372 2897 1404 2933 ¹⁶·

375 2993 413 3044 re,
427 2978 499 3048 quod
512 2997 603 3031 ornnes
614 2981 672 3032 iere
684 2979 798 3033 editores
812 2973 876 3033 ado·
920 2974 980 3043 n'et,
989 2993 1068 3041 voce,
1077 2987 1167 3040 motu,
1177 2974 1265 3026 forma
1275 2971 1349 3023 etiam
1360 2977 1404 3014 ΙΜ-

374 3067 492 3125 pturunt.
503 3057 577 3107 More
587 3074 636 3108 suo
645 3057 787 3110 Suetonius
794 3077 875 3130 argu·
919 3057 1014 3128 gnifica
1022 3068 1182 3124 etgenerosa
1190 3041 1403 3125 quodammodo.-

376 3149 494 3186 mentnm
508 3137 659 3188 universum
670 3141 804 3208 sequentis
817 3157 876 3192 nar·
920 3135 1061 3189 Suetonius
1074 3135 1161 3185 minus
1176 3143 1312 3194 accurate,
1325 3125 1405 3176 lorffl

374 3213 484 3263 rationis
495 3215 643 3284 premittit,
656 3226 681 3266 et
692 3218 812 3286 proxime
823 3219 876 3288 agit
921 3233 952 3268 er
962 3215 1103 3279 memoria,
1113 3211 1194 3263 verba
1205 3207 1328 3262 reddidit.
1339 3203 1405 3255 Gete-

375 3289 409 3342 dc
416 3289 523 3343 cesaris
531 3290 694 3362 eloquentia,
704 3294 767 3347 inde
775 3314 790 3348 a
799 3313 822 3347 c.
832 3295 875 3365 57,
921 3313 992 3358 rum,
1004 3310 1052 3364 pro
1061 3291 1161 3363 aitque,
1170 3287 1274 3342 Muller.
1287 3288 1313 3338 in
1323 3273 1404 3334 Sched-

376 3371 410 3422 de
424 3381 480 3422 arte
495 3369 608 3422 militari.
626 3373 762 3438 Ceterum,
775 3387 876 3445 partam
921 3373 995 3426 MSS.
1011 3371 1119 3438 suadet,
1134 3369 1271 3440 additque,
1290 3358 1358 3438 quod
1370 3373 1406 3406 W·

375 3450 468 3502 Ceteri
481 3461 520 3500 tot
532 3447 668 3506 laboribus
680 3451 791 3524 gloriam
802 3473 877 3526 sequa
923 3455 1053 3506 rissimum
1066 3464 1140 3522 puto.

377 3531 516 3601 posteritas
529 3532 693 3602 comparabit
707 3550 767 3584 coru
781 3530 827 3584 illa
838 3552 877 3586 re·
958 3533 983 3600 4.
1002 3529 1133 3584 Strabonis
1147 3530 1263 3590 Cosam,-
1277 3525 1321 3597 qui
1334 3517 1405 3570 Cicer.

376 3611 589 3665 centiorisaetatis
597 3612 707 3678 virtute,
718 3630 796 3683 quam
807 3630 878 3663 nunc
922 3614 995 3663 Brut.
1007 3609 1056 3677 tt,
1071 3621 1181 3661 rorstor
1195 3627 1249 3659 non
1263 3604 1407 3657 vehementr

377 3690 526 3764 abEuropn
534 3693 672 3761 conjurata
680 3688 877 3758 dejectametin
923 3689 970 3742 sed
990 3689 1192 3752 festivissimusp
1216 3685 1317 3736 dicitur.
1339 3671 1406 3758 COBf·

378 3789 443 3843 rupe
456 3775 567 3844 sopitam
580 3769 736 3822 circumfluit
745 3769 877 3823 Oceanus.
923 3765 991 3820 Vell.
1006 3769 1043 3834 11,
1055 3783 1080 3835 9.
1096 3767 1189 3820 Oratio
1203 3767 1259 3835 ejus
1271 3779 1319 3835 pro
1332 3750 1407 3807 sarto

415 3869 438 3902 a.
454 3853 516 3906 Post
526 3850 713 3904 aestuationem
725 3848 878 3902 Dolabella.
924 3857 1147 3897 commemoratur
1164 3841 1198 3894 ab
1213 3840 1304 3893 eodem
1318 3834 1368 3886 Cic.
1380 3823 1408 3916 (lt

379 3927 418 3980 Gt.
435 3947 493 4000 cap.
507 3930 532 3998 4
923 3923 1000 3976 Offic.
1020 3923 1061 3990 11,
1080 3922 1127 3989 14,
1144 3933 1171 3974 et
1187 3921 1272 3972 Divin.
1291 3919 1317 3967 iu
1333 3903 1407 3962 stul·

415 4007 440 4056 3.
462 4009 546 4061 Cicero
561 4009 595 4061 ud
612 4009 736 4069 linctum,-
753 4026 812 4078 cap.
829 4005 877 4076 75:
928 4021 966 4072 ¹9·
981 4001 1048 4062 Vide
1061 3999 1132 4054 Clav.
1145 4000 1229 4072 Cicer.
1244 4027 1279 4037 -
1293 3997 1339 4046 tro
1352 3985 1406 4040 odo·

382 4085 485 4135 ·Gtesar
503 4088 630 4138 rationem
648 4084 794 4149 adhibens,
811 4101 877 4134 con·
925 4081 1034 4148 lesoens,
1059 4079 1103 4134 alii
1125 4078 1304 4142 adolescentis,
1327 4077 1406 4154 peril*

380 4158 545 4212 suetudinem
556 4165 677 4216 vitiosam
690 4176 716 4215 et
726 4172 878 4230 corruptam
924 4159 1079 4227 commode,
1093 4162 1146 4212 sire
1160 4157 1194 4212 ad
1206 4153 1350 4210 Stratonis.
1364 4157 1409 4195 ’ΝΒ

381 4259 447 4312 pura
469 4255 494 4293 ot
514 4243 665 4314 incorrupta
688 4239 879 4293 consuetudine
925 4237 957 4288 atl
972 4237 1125 4309 eloquentius
1139 4237 1265 4288 retuleris.
