2982 5116
388 485 548 553 ocrav.
574 484 833 552 nusnsrus.
1061 496 1127 589 259
1171 539 1174 542 -

101 616 144 680 M.
165 609 351 704 Lepidum,
376 609 507 680 hostem
530 609 610 677 olim
631 607 721 702 ejus,
742 626 777 676 et
796 626 876 678 tunc
896 613 1126 704 exsulantem,

101 723 212 816 [legin]
224 725 536 817 interrogatuqque]
550 721 593 789 ab
607 745 663 813 eo,
677 720 739 788 an4
751 738 862 790 essent
873 721 927 790 aiii
944 723 1127 818 digniores,

104 833 418 926 «Suum⁵quemque
426 829 591 924 judicium
603 829 766 912 hahere„
784 831 965 924 respondit.
977 839 1129 912 Necideo

100 944 250 1014 libertas⁶
260 961 319 1012 aut
333 946 543 1012 contumacia
555 941 664 1010 fraudi
679 946 835 1037 cuiquam
848 944 921 1018 fuit.

142 1060 208 1122 LV.
233 1057 341 1122 Etiam
353 1077 486 1147 sparsos
497 1063 504 1090 ¹
517 1051 559 1122 de
569 1077 605 1120 se
614 1055 650 1120 in
662 1055 759 1120 Curia
770 1053 916 1124 famosos
926 1054 1057 1128 libellos
1068 1087 1131 1134 nec

101 1165 245 1255 expavit,
258 1186 320 1231 nec
330 1185 453 1254 magna
463 1186 544 1230 cura
557 1161 745 1254 redarguit:
760 1187 814 1243 ac,
828 1187 871 1230 ne
882 1170 1050 1260 requisitis
1061 1176 1133 1267 qui·

99 1271 173 1342 dem
186 1272 395 1355 auctoribus,
412 1271 446 1340 id
459 1271 560 1342 modo
579 1273 1026 1364 censuit‚·cogn0scendum²
1043 1297 1134 1373 posi-

99 1380 160 1452 hac
177 1380 221 1449 de
239 1385 293 1465 iis,
309 1387 367 1478 qui
384 1381 514 1452 libellos
531 1400 589 1450 aut
608 1385 756 1450 carmina
773 1380 817 1448 ad
836 1384 1007 1454 infamiam
1025 1388 1134 1483 cujus·

99 1497 186 1587 piam
193 1495 258 1563 sub
270 1495 380 1564 alieno
390 1499 527 1565 nomine
538 1495 650 1564 edant.
662 1493 768 1564 iocis³
780 1520 914 1591 quoque
921 1501 1135 1593 quorundam

99 1745 142 1780 sna
151 1727 302 1793 consentio,
312 1728 362 1779 nisi
373 1725 444 1798 quod
454 1720 498 1778 ilie
507 1724 595 1778 drien-
639 1723 694 1776 scii.
704 1723 783 1776 verba
794 1725 989 1796 iaciente,‚qne
1000 1743 1086 1782 temen
1097 1751 1136 1786 ra.

99 1803 159 1856 dum
173 1818 266 1857 censet
281 1804 465 1873 Triumvirnm.
639 1803 675 1853 tio
683 1801 774 1853 durior
781 1801 844 1854 mihi
852 1801 1136 1884 videtur,qaarnquam

133 1886 158 1953 4.
177 1886 221 1937 An
236 1895 323 1938 essent.
340 1885 442 1936 Ernest.
458 1897 519 1955 post
531 1882 596 1936 aiios
639 1895 733 1935 auctor
745 1901 825 1953 snpra
837 1901 860 1934 c.
875 1885 922 1953 39,
935 1885 1038 1938 traditio
1049 1908 1136 1944 coram

98 1962 221 2034 probavit
238 1981 329 2015 annon
347 1962 469 2014 editionis
488 1960 601 2033 Stepb.,=
637 1958 821 2033 puqilbuium.

100 2053 125 2090 et
135 2039 248 2092 Reitains
261 2042 374 2110 conjecit
386 2059 467 2106 anne,
480 2042 597 2109 particu—
677 2057 700 2090 2.
717 2041 923 2112 cognoscendum
934 2043 1042 2113 posthac
1052 2048 1083 2100 de
1091 2051 1138 2116 ι’ἰι,

99 2117 150 2170 iam
161 2139 195 2172 ne
206 2119 359 2190 absorptam
370 2120 519 2172 existimans
532 2137 547 2170 a
558 2137 598 2170 se·
642 2129 691 2170 etc.
709 2120 768 2170 Jam
787 2119 828 2171 lex
839 2121 886 2172 xli
907 2119 1055 2177 tabniurum
1069 2149 1075 2178 ι
1091 2129 1139 2182 esi

100 2200 189 2268 quenti
198 2198 295 2250 vocali·
305 2197 400 2250 sedan
411 2216 478 2286 saepe
487 2196 538 2248 dici
548 2215 597 2268 pro
642 2199 701 2269 quie
721 2203 880 2252 occentassit
898 2201 996 2255 maium
1016 2225 1138 2279 carmen,

99 2295 202 2345 annon,
214 2292 245 2330 ut
258 2271 305 2346 cipe
316 2297 365 2349 pro
378 2271 413 2344 ἆρ’
425 2298 469 2341 ου,
482 2290 508 2331 et
519 2276 598 2330 encli-
642 2281 696 2332 eive
720 2279 884 2348 condiderit,
910 2283 983 2352 quod
1005 2286 1140 2344 infamium

100 2358 169 2410 ticon
177 2378 211 2410 ne
217 2377 270 2430 pro
278 2375 373 2424 nonne,
380 2357 600 2428 probaruntHeu-
642 2359 708 2410 faxit
723 2359 902 2431 flagitiumque
919 2361 1011 2431 citeri,
1028 2368 1141 2440 capitale

99 2439 195 2507 ringer.
210 2437 247 2489 ad
261 2437 314 2489 Cic.
330 2435 363 2488 de
377 2435 454 2490 offic.
467 2440 492 2500 1,
507 2435 551 2501 15,
566 2435 599 2504 5,
643 2451 731 2490 esto·
748 2440 788 2491 cf.
804 2441 892 2491 Rosin.
905 2441 965 2493 Ant.
978 2446 1053 2498 Rom.
1068 2451 1141 2517 viii,

99 2515 185 2583 etlll,
197 2532 245 2584 ι7,
256 2532 281 2567 2.
293 2516 336 2569 Gi.
346 2534 403 2586 quc
413 2514 447 2566 ad
458 2527 599 2585 utrumque
643 2516 674 2581 6,
685 2534 713 2586 p.
724 2514 777 2568 586
786 2533 841 2587 seq.
856 2515 925 2569 Sulla
940 2537 997 2574 earn
1011 2527 1142 2594 cognitio·-

98 2593 186 2649 iocnnr
199 2593 461 2650 addiditGernbard.
528 2593 530 2598 ’
643 2612 704 2646 nem
718 2593 752 2644 ad
766 2595 908 2662 majestatis
926 2597 1024 2652 crimen
1043 2602 1143 2656 mule-

134 2676 158 2730 5.
177 2677 264 2730 Suum
276 2693 401 2748 quemque
402 2713 448 2726 .....
461 2673 597 2746 respondit.
644 2683 693 2723 rat.
708 2671 762 2722 Cic.
772 2669 806 2722 ad
818 2673 876 2730 Dic.
888 2673 937 2738 iii,
951 2690 978 2728 rr
992 2697 999 2729 =
1015 2681 1143 2734 avem.

98 2752 162 2808 Rem
173 2767 267 2807 nanae
277 2755 342 2820 Dio,
354 2754 419 2820 LIV,
432 2752 472 2805 15.
645 2763 732 2804 temen
749 2763 788 2802 est
803 2754 927 2822 majestat
945 2750 989 2822 (nt
1008 2755 1080 2810 Solia
1095 2779 1144 2830 vp-

132 2835 159 2887 6.
179 2835 296 2886 Libertas
307 2843 355 2887 aut
367 2832 538 2888 contionaria.
555 2831 601 2882 n·-
645 2828 722 2899 init),
731 2846 765 2881 ne
774 2831 800 2880 io
812 2833 928 2900 quemvis
936 2833 1045 2903 inpune
1055 2836 1148 2908 dalaq

100 2913 181 2966 bertas
192 2913 247 2963 tuit
258 2909 382 2975 indicto,
396 2908 559 2962 contumacia
573 2907 599 2956 in
646 2927 716 2960 mare
726 2907 847 2961 liceret.»
861 2909 937 2962 Unde
949 2913 1033 2966 Tacit.
1046 2917 1143 2971 Annei.

98 2994 265 3063 pertinacia,
292 3008 345 3062 qua
364 2989 468 3041 hostem
491 2987 602 3056 Augusti
646 2991 672 3054 1,
692 3005 741 3057 72,
763 2990 883 3059 uprimut
900 2991 1035 3062 Angustus
1053 3001 1145 3070 cogni.

98 3071 392 3142 legerat,rnonitusqne
400 3067 433 3119 ab
441 3069 603 3136 Imperatore
646 3073 745 3122 tionem
761 3070 795 3123 de
811 3071 919 3126 famosis
935 3072 1045 3143 libellis,
1058 3081 1146 3150 specie

98 3150 267 3202 insectentia
275 3148 458 3218 perseveravit.
466 3147 603 3198 Contuma·
647 3148 711 3219 begis
734 3151 791 3218 ejus
810 3148 985 3224 (majestatis)
1006 3161 1146 3226 tractavit,

98 3218 603 3298 eiam(Gallicanoseatdtement)curb
647 3241 795 3280 commotus
816 3229 899 3282 Cassii
917 3229 1005 3285 Severi
1021 3233 1146 3305 libidine,

99 3307 175 3359 inani
180 3308 330 3378 jactatione
337 3305 462 3358 libertatis
469 3304 604 3374 conjungit
649 3325 699 3378 qua
707 3308 777 3359 viros
789 3308 954 3380 feminasque
963 3310 1077 3367 iliustree
1085 3336 1150 3388 pro·

98 3386 185 3438 Tacit.
204 3387 295 3456 Agris.
311 3384 361 3450 4η
377 3382 489 3436 libertati
507 3378 603 3434 Annal·
648 3384 756 3438 cacibne
783 3388 887 3457 scriptia
917 3387 1110 3446 diffamaverat.
1133 3419 1156 3444 n·

99 3465 151 3533 111,
171 3465 223 3534 75,
242 3466 357 3538 opponit
370 3464 532 3535 obsequium,
551 3478 604 3532 quo
649 3461 907 3535 cr.1)i0‚1.v1‚27‚
920 3464 953 3518 ad
965 3486 1027 3520 ann.
1041 3470 1101 3538 755.
1113 3503 1148 3514 .-

99 3561 180 3596 senen
190 3544 293 3596 dicitur
303 3563 318 3595 a
328 3544 434 3594 Terent.
444 3539 527 3594 Andr.
539 3543 564 3606 1,
576 3557 606 3606 n,
649 3540 747 3593 Edant.
762 3542 803 3594 ΑΙ.
817 3543 927 3596 ederent.
942 3544 1010 3598 iliud
1021 3561 1093 3602 recte
1103 3549 1150 3605 de.

99 3622 143 3688 ir.
154 3651 192 3664 -
203 3622 307 3676 Fraudi
313 3643 323 3684 ,·
332 3639 421 3686 noxae,
435 3617 541 3672 damno.
650 3619 1151 3700 tenderuntoudend.eternaeque!

131 3703 190 3755 LV.
220 3719 244 3756 1.
262 3701 368 3774 Sparsos
381 3701 412 3752 de
427 3719 452 3752 re
467 3699 496 3750 in
513 3697 607 3758 Curia5
651 3700 749 3770 pendet
760 3719 776 3752 a
786 3704 999 3773 coqneecmdnm.

99 3783 156 3836 eine
163 3781 253 3834 dnbio
263 3794 325 3852 past
333 3779 443 3834 Senatus
453 3778 608 3842 lectionem,
687 3779 713 3830 3.
728 3779 798 3831 Jacis
807 3797 925 3854 quoqne,
936 3795 986 3834 etc.
997 3785 1058 3836 Haec
1067 3804 1152 3860 usquc

100 3877 156 3932 qne
167 3860 250 3914 multi
263 3859 361 3912 offensi
371 3872 398 3910 et
409 3857 534 3910 conviciis
547 3873 607 3908 enm
652 3857 686 3910 ad
697 3858 850 3925 intercessit,
863 3876 920 3929 qne
931 3859 1011 3930 vulgo
1021 3863 1154 3933 posterio-

98 3938 334 4014 prnecindebant,
350 3949 377 3990 et
393 3949 504 3988 mortem
524 3936 613 3986 minin
652 3938 759 4006 riscep.
776 3937 882 3988 initium
895 3937 1011 4006 iaciunt,
1027 3958 1088 3994 curn
1100 3943 1154 3996 bne

99 4018 214 4084 beatur,
229 4017 305 4072 nude
314 4036 361 4070 nec
369 4016 473 4089 expavit
484 4017 501 4068 i.
513 4033 534 4067 e.
548 4033 610 4069 con·
653 4027 747 4068 nostro
758 4015 898 4083 conjunxi,
913 4033 967 4088 qao
978 4019 1110 4089 pertinere
1122 4039 1156 4076 ιι

98 4101 189 4156 tenuit
200 4114 288 4152 vanae
300 4095 460 4153 sineviribne
469 4095 530 4148 irae.
540 4093 610 4150 Mul·
654 4095 741 4165 ipsum
750 4106 933 4164 argumentum
942 4095 1030 4151 docet.
1039 4102 1109 4154 Nam
1118 4103 1164 4156 in··

98 4174 146 4232 ier.
156 4179 187 4231 in
196 4175 300 4232 Senot.
308 4175 468 4246 innssitdeee
478 4174 506 4224 in
517 4173 608 4234 cana.
655 4173 794 4244 sequentia
813 4171 876 4226 inde
895 4191 913 4226 a
932 4174 1041 4244 verbius
1054 4179 1157 4253 Quoties

966 4293 1015 4358 ¹7·
