3036 5128
486 544 521 606 c.
546 544 576 607 J.
602 543 774 608 cnstn.
1112 551 1154 636 47

108 693 201 750 nem,
214 671 345 738 amisiit
354 673 387 735 in
396 671 584 738 citeriorem
590 670 734 738 Galliam
744 695 752 750 ;
764 671 1071 766 conventibusque²
1082 697 1157 766 per-

106 785 206 866 actis,
224 787 393 878 liavennae
410 783 576 864 substitit,
595 782 686 850 bello
700 781 950 865 vindicaturus,
969 787 996 850 si
1013 784 1095 878 quid
1112 784 1156 852 de

106 894 266 962 Tribunis
275 894 399 989 plebis,
410 892 712 963 intercedentibus³
723 919 786 989 pro
796 915 848 976 se,
859 898 993 987 gravius
1003 900 1156 964 aSenatu

107 1009 325 1074 constitutum
347 1023 444 1074 esset.
468 1011 510 1073 Et
532 1005 756 1099 praetentum⁴
777 1005 913 1101 quidem
935 1006 984 1074 illi
1006 1007 1155 1075 civilium

106 1141 279 1186 armorum
291 1119 355 1186 hoc
368 1119 447 1185 fuit:
464 1141 583 1186 causas
599 1135 715 1188 autem,
726 1117 808 1186 alias
824 1119 943 1200 fuisse,
959 1123 1152 1213 opinantur.

106 1231 166 1295 Cn.
182 1232 361 1322 Pompeius
373 1231 419 1295 ita
429 1227 617 1311 dictitabat,
633 1227 725 1324 quod
739 1249 850 1324 neque
863 1231 985 1322 opera⁵
1000 1251 1158 1298 consum·
1239 1271 1241 1279 ·

108 1363 221 1422 mare,
246 1363 321 1434 quae
344 1343 552 1418 instituerat,
576 1361 688 1436 neque
711 1339 829 1433 populi
853 1343 1154 1433 exspectationem,

108 1475 212 1546 quam
233 1450 275 1518 de
295 1449 443 1519 adventu
467 1475 529 1519 suo
549 1453 692 1535 lecerat,
718 1453 855 1544 privatis
877 1451 998 1544 opibus
1020 1452 1156 1546 explere

108 1580 240 1654 posset,
263 1562 401 1630 turbore
424 1567 597 1631 omninno
620 1565 824 1656 permiscere
847 1563 1005 1631 voluisse.
1031 1565 1094 1631 Alii
1118 1568 1156 1632 ti-
1211 1623 1214 1630 .

109 1675 234 1740 ciuisse
246 1673 377 1756 dicunt,
391 1700 434 1742 ne
443 1697 576 1759 eorum,
591 1699 668 1769 quae
679 1677 790 1767 primo
801 1675 979 1742 consulatu
993 1673 1156 1744 adversus

109 1787 258 1876 auspicia
278 1784 436 1880 legesque
457 1801 491 1852 ct
513 1787 766 1853 intercessiones
789 1787 966 1876 gessisset,
993 1789 1156 1852 rationem

109 1891 251 1960 reddere
267 1914 461 1985 cogeretur:
483 1920 590 1989 quum
607 1899 654 1960 M.
677 1900 757 1961 Cato
779 1893 979 1978 identidem,
1002 1917 1064 1962 nec
1086 1899 1157 1963 sine

105 2000 349 2095 jurejurando,
372 2001 629 2086 6denunciaret,
651 2002 843 2071 delaturum
865 2029 900 2072 se
922 2029 1046 2072 nomen
1067 2002 1157 2097 ejus,

110 2112 211 2179 simul
224 2135 264 2179 ec
279 2116 429 2205 primum
446 2115 628 2180 exercitum
644 2111 842 2193 dimisisset;
863 2137 1037 2208 quumque
1055 2115 1158 2207 vulgo

109 2223 180 2290 lore
194 2222 429 2318 praedicarent,
444 2241 496 2306 ut,
509 2227 536 2290 si
548 2225 698 2316 privatus
710 2221 868 2306 redisset,
880 2223 1035 2290 Milonis⁷
1049 2250 1158 2294 exem-

110 2333 165 2424 plo
185 2337 431 2426 circumpositis
448 2337 584 2402 armetis
602 2357 740 2401 causam
757 2330 849 2426 apud
863 2332 995 2424 judices
1014 2333 1154 2401 diceret:

110 2441 203 2537 quod
223 2443 430 2536 probabilius
454 2443 533 2511 facit
555 2441 707 2511 Asinius⁸
732 2441 852 2526 Pollio,
876 2441 1066 2510 Pharsalica
1086 2447 1157 2511 acie

145 2681 169 2715 n.
191 2659 368 2716 eumundo.
377 2662 444 2716 Vide
454 2683 477 2715 e.
490 2681 514 2734 7.
522 2691 555 2705 -
564 2666 611 2716 tta-
656 2663 727 2715 unds
737 2665 817 2714 etiam
824 2661 917 2734 populi
925 2664 1092 2733 exspectatio,
1103 2679 1157 2716 tna-

111 2759 209 2794 eennae.
217 2741 281 2794 Ces.
290 2742 353 2794 Bell.
363 2744 417 2794 Cis.
428 2743 491 2810 1,5:
506 2743 612 2796 «Gaesi
656 2745 724 2795 xime
736 2743 771 2794 ob
783 2740 861 2794 ludos
875 2755 901 2792 et
912 2741 963 2792 slis
974 2757 1086 2794 munere
1094 2757 1157 2815 post

111 2841 144 2873 eo
155 2835 273 2892 tempore
286 2835 345 2874 erut
358 2823 503 2889 Ravenna,
519 2839 611 2894 etspe-
657 2821 770 2874 reditum
787 2819 943 2872 exbibenda.
959 2815 1158 2876 Consummavit

111 2901 254 2972 stabatque
263 2902 462 2956 suislenissiniis
472 2901 611 2974 postulatis
656 2901 714 2967 ills,
728 2900 784 2952 ltere
798 2899 918 2951 esbibuit
933 2913 994 2972 post
1004 2900 1105 2954 bellurn
1119 2905 1165 2956 cin

110 2999 254 3052 responsa,
271 2983 294 3034 si
308 2999 361 3054 qus
374 2981 511 3034 hominum
530 2984 611 3052 equi·
656 2980 715 3032 vile.
728 2978 795 3031 Vide
807 2995 831 3029 c.
844 2977 878 3030 ³8
890 2995 947 3049 seq.

111 3073 163 3112 tsts
172 3077 217 3112 res
227 3059 261 3112 ad
271 3062 355 3112 otium
364 3059 460 3112 deduci
470 3073 567 3132 posset
579 3083 590 3109 s
692 3061 718 3113 6.
737 3059 927 3123 monetans,
940 3060 1093 3114 minaretur.

144 3140 169 3192 3.
190 3139 422 3198 Intereedentilturr
434 3157 472 3190 sc.
484 3139 611 3192 Senatus·
693 3151 716 3208 7.
736 3138 849 3191 Milonis
861 3136 997 3208 exemplo:
1012 3139 1084 3190 conf.
1102 3141 1157 3194 (Tre,

109 3217 234 3271 consulto
246 3216 321 3270 dese
334 3218 414 3270 facto.
428 3218 469 3270 Gi.
485 3216 519 3268 sd
531 3235 554 3268 c.
568 3215 610 3268 31.
656 3232 707 3290 pro
722 3216 837 3284 Milone,
851 3218 909 3268 init.
924 3217 1023 3268 Lucan.
1038 3220 1064 3284 l,
1079 3219 1139 3272 3²0.

144 3297 170 3363 4.
189 3299 356 3350 Proetextssm.
367 3295 409 3347 Sic
419 3298 503 3348 Tacit.
513 3297 609 3348 Histoe.
692 3299 716 3350 8.
736 3297 840 3348 Asinius
858 3295 957 3350 Pollio.
979 3295 1081 3350 Dicitur
1099 3301 1122 3351 is
1143 3317 1159 3352 s

110 3377 146 3438 ll,
168 3389 235 3428 roo:
256 3384 398 3446 «praetexto
413 3372 523 3426 classem
538 3372 613 3426 edla·
656 3375 723 3427 vett.
738 3375 777 3442 ll,
791 3375 842 3440 63,
858 3397 870 3420 α
880 3376 970 3427 lirinus
982 3379 1120 3448 proposito
1133 3391 1159 3430 et

111 3455 228 3524 quendi;
239 3478 250 3502 ι
263 3456 314 3520 111,
330 3455 377 3506 80:
397 3463 536 3526 «pretextu
551 3455 613 3507 Rei·
656 3451 1158 3528 Julianispsrtibuslidus,Pompeiaois

110 3534 256 3604 publices·
270 3532 350 3601 Quod
360 3545 453 3604 postea
468 3534 609 3585 burmann.
657 3532 790 3586 adversus.
802 3555 813 3578 ι
825 3532 954 3586 Eundem
967 3533 1041 3602 vids,
1053 3555 1077 3588 e.
1088 3537 1121 3606 76
1132 3550 1159 3588 et

111 3627 171 3666 ants
187 3611 258 3666 alios
272 3614 399 3665 insertum
415 3611 494 3664 vellet
508 3612 570 3679 alii,
585 3611 613 3664 id
657 3613 707 3676 86,
726 3612 797 3666 unde
815 3632 883 3684 saepe
902 3629 1126 3668 commemor-stur
1143 3631 1158 3667 s

112 3693 232 3746 excidere
249 3692 355 3764 quidem
375 3693 477 3763 potuit,
496 3691 611 3745 sednon
657 3691 845 3764 scriptoribus,
858 3693 1026 3765 quidebello
1037 3694 1108 3747 cirili
1118 3715 1158 3748 ex·

112 3774 292 3826 necessarium
305 3783 372 3843 puto
388 3789 448 3822 cum
466 3772 569 3823 Ernett.
587 3783 613 3824 et
656 3784 812 3842 posuerunt.
827 3772 941 3844 Appien.
961 3772 1024 3824 Bell.
1045 3773 1099 3826 civ.
1117 3776 1157 3844 ll,

113 3851 195 3904 wolf.
217 3852 314 3904 Sensus
330 3865 385 3903 est:
400 3851 457 3902 l'loc
474 3850 544 3902 illists
560 3851 613 3902 tais
657 3852 707 3919 40,
721 3853 903 3903 missenensis
917 3850 1158 3906 aCaessreinSici·

111 3941 281 3999 pntextunes
301 3929 342 3981 late
360 3943 448 3981 umen
468 3942 529 3982 sunt
546 3945 611 3982 tens
656 3928 718 3980 lisnr
726 3928 1018 3982 Catonemdieitinsula
1026 3929 1157 4001 expulisse

112 4027 211 4076 sam,
235 4025 301 4080 quas
321 4007 429 4079 quidem
450 4009 609 4078 opinantur:
657 4007 743 4078 (conf.
757 4009 849 4060 Morus
862 4007 895 4059 sd
906 4009 972 4061 ces.
985 4008 1049 4062 Bell.
1061 4011 1116 4065 Cis.
1130 4014 1156 4081 l,

112 4088 254 4160 Pompeius
264 4085 419 4159 reputabat,
433 4099 483 4138 etc.
658 4086 723 4158 3o);
741 4086 825 4151 idern,
845 4103 869 4137 c.
888 4085 936 4153 46,
954 4086 1078 4158 reliquias
1094 4103 1156 4162 post

148 4169 172 4223 5.
195 4169 297 4242 Opem
312 4165 433 4233 edificia,
448 4165 481 4217 de
498 4183 611 4237 qnorum
656 4167 780 4218 Curionis
787 4164 1017 4218 clsdeminAfrice
1025 4183 1153 4222 servasse:

112 4247 257 4317 splendidis
270 4247 353 4298 initiis
366 4247 472 4311 Noster,
490 4263 548 4315 esp.
563 4246 610 4305 263
656 4245 723 4300 Plut.
734 4247 798 4298 Cas.
810 4244 858 4311 bn,
869 4247 897 4297 in
908 4245 978 4298 bello
988 4249 1114 4303 Africano
1124 4253 1156 4303 si·
