2982 5116
373 586 532 653 ocrnv.
559 590 815 657 nueusrus.
1043 602 1106 686 ²47

84 708 220 774 centiam
228 704 311 774 adeo
321 713 540 801 compescuit,
549 727 586 777 ut
595 711 851 804 Stephanionem
866 713 1110 809 ¹⁵tegatarium,

83 820 133 885 cui
149 819 183 884 in
202 818 364 910 puerilem
378 819 528 888 habitum
539 819 563 859 ¹⁶
582 824 840 892 circumtonsam
855 841 1042 894 matronam
1053 831 1112 895 mi-

82 927 234 994 nistrasse
255 945 477 1018 compererat,
499 941 592 1021 per'⁷
611 936 696 1000 trina
717 932 846 1002 theatra
865 937 965 1029 virgis
987 961 1111 1006 caesum

82 1034 286 1128 relegaverit3
300 1039 410 1131 Hylan
421 1039 446 1088 ¹⁸
458 1044 716 1132 pantomimum,
726 1061 896 1137 quaerente
907 1049 1065 1129 Praetore,
1076 1049 1111 1114 in

82 1149 161 1212 atrio
173 1144 293 1213 domus
306 1172 391 1232 suae,
404 1153 536 1217 nemine
549 1151 700 1233 excluse,
715 1151 854 1245 flagellis
866 1153 1065 1239 verberarit;
1080 1171 1113 1222 et

83 1253 224 1347 Pyladen
245 1257 334 1324 Urbe
352 1275 451 1352 atque
472 1261 564 1327 ltalia
586 1267 817 1346 summoverit,
841 1262 932 1358 quod
953 1282 1113 1357 spectato-

82 1389 167 1449 rem,
182 1393 204 1433 a
221 1393 290 1463 quo
307 1370 558 1454 exsibilabatur,
575 1370 834 1440 demonstrasset
849 1375 966 1466 digito,
984 1377 1115 1466 conspi-

82 1499 245 1571 cuumque
259 1479 400 1546 fecisset.

125 1591 236 1657 XLVI.
265 1589 313 1656 nd
331 1591 422 1660 hunc
440 1591 578 1660 modum
592 1594 698 1661 Urbe¹
713 1593 916 1688 urbanisque
935 1593 1036 1662 rebus
1054 1593 1113 1661 ad-

81 1701 286 1794 ministratis,
303 1700 450 1770 ltaliam²
470 1701 713 1795 duodetriginta
732 1704 939 1771 coloniarum
956 1726 1113 1785 numero,

82 1909 132 1977 his,
142 1911 294 1966 «licentiam
305 1913 370 1966 adeo
380 1917 570 1986 cumpescuit·
618 1928 745 1968 memorat
759 1917 836 1967 etiam
850 1917 915 1980 Dio,
928 1916 993 1981 LlV,
1008 1933 1047 1984 ¹7·
1060 1914 1115 1966 lbi-

116 1991 153 2044 15.
174 1994 357 2066 Toqntarium
370 2011 485 2046 aetorem
498 1996 575 2047 fabu-
618 1994 678 2045 dem
690 1993 792 2067 Pyladis
805 2013 865 2045 eum
877 1992 1008 2066 Bathyllo,
1023 1997 1116 2046 atace-

82 2070 160 2124 larum
177 2086 340 2144 togatarum,
359 2073 392 2125 de
412 2075 506 2145 quibus
523 2078 573 2127 uu·
617 2075 685 2125 natis
700 2076 815 2135 amasio,
830 2075 1014 2126 contentiones
1029 2076 1116 2126 sceni-

83 2149 171 2220 lenger.
185 2151 218 2204 de
230 2153 362 2218 Theatra,
374 2157 401 2221 1,
412 2155 436 2206 6,
448 2155 514 2206 Vera
529 2174 574 2206 au·
618 2171 662 2206 cas
675 2154 770 2218 refert,
784 2171 850 2223 quas
862 2154 938 2203 etiarn
952 2151 1115 2215 Macrobius,

82 2241 130 2279 tem
143 2228 246 2282 videtur
262 2231 409 2284 emendatio
429 2244 572 2303 repeterem
617 2230 634 2281 l.
649 2250 671 2281 c.
685 2250 845 2302 quamquam
858 2231 920 2302 Hyla
934 2250 983 2302 pro
995 2231 1116 2304 Bathyllo

83 2305 133 2357 teil.
157 2323 295 2376 actorem,
323 2310 438 2362 exhibita
460 2314 514 2381 jam
541 2311 573 2363 ab
618 2314 762 2362 nominate.
781 2312 892 2380 Cepiose
905 2311 937 2362 de
954 2309 994 2362 his
1013 2311 1117 2362 artilici-

81 2385 186 2456 Egnatie
201 2402 226 2439 et
243 2391 400 2454 Torrentie,
419 2403 445 2442 et
459 2410 472 2442 a
486 2389 574 2460 pleris-
618 2388 668 2440 bus
685 2391 738 2458 agit
753 2389 891 2458 bulenger.
911 2389 928 2440 l.
944 2408 966 2439 e.
979 2390 1004 2452 1,
1022 2390 1064 2442 51.
1080 2419 1116 2431 ·-

83 2483 129 2535 que
154 2467 299 2520 editoribus
321 2468 448 2539 probata,
473 2469 516 2521 sed
539 2469 574 2522 eb
619 2472 843 2522 Pantomimorum
866 2482 947 2520 artem
968 2469 1038 2518 eirca
1061 2472 1116 2520 Au·

82 2541 159 2596 Codd.
170 2545 339 2601 silentiumin
351 2547 574 2600 textumnondunr
618 2551 688 2620 gusti
705 2549 819 2618 primum
834 2561 953 2616 ternpore
968 2546 1115 2616 prodiisse,

83 2638 188 2695 recepta.
198 2625 402 2698 Stephanionem
411 2629 522 2697 primum
533 2643 574 2680 to·
620 2627 819 2699 appellatusque
830 2644 890 2690 ees,
905 2624 976 2696 quod
986 2643 1054 2676 unus
1066 2623 1116 2675 sal·

83 2717 149 2772 getas
176 2705 275 2756 saltare
302 2707 467 2773 instituisse,
496 2707 575 2760 tradit
620 2721 688 2758 tator
699 2720 737 2757 tot
747 2723 874 2777 personas
885 2706 1038 2776 sustineret,
1051 2716 1117 2772 quot

84 2783 154 2832 etiam
167 2784 232 2834 Plin.
247 2787 313 2835 llist.
325 2788 385 2836 Nat.
397 2789 455 2851 Vll,
467 2787 498 2853 lss
509 2785 573 2856 (49).
619 2785 739 2856 partibus
759 2781 848 2834 fabula
869 2795 1017 2846 constaret,
1039 2780 1118 2834 docet

118 2861 154 2913 16.
180 2865 394 2915 Circumtonsam.
413 2865 575 2915 Circumton·
619 2853 821 2918 Mariscou.‘de
835 2864 954 2914 Personis
973 2875 1001 2912 et
1012 2863 1118 2927 Latris,

84 2937 575 3012 deri,espxsi'yso8'ar,puerorumfuisse
621 2961 679 3012 cap.
694 2961 707 2992 a
720 2939 812 3009 (Thes.
826 2954 889 2990 tem.
903 2939 953 3003 lx,
965 2957 991 3008 p.
1010 2937 1099 3007 1118).

84 3015 264 3086 delicatorum,
277 3020 388 3088 ἱπαλὸἱν,
401 3022 489 3074 multis
503 3022 534 3074 ad
547 3021 574 3072 h.
656 3021 743 3070 XLVI.
761 3038 782 3070 ι.
795 3017 836 3069 Ad
845 3015 1119 3082 tuncmodunettrbe,

84 3095 100 3149 l.
113 3102 224 3153 ostendit
237 3103 349 3154 Casaub.
621 3115 670 3150 ete.
686 3101 745 3150 llaec
754 3111 778 3150 et
787 3111 872 3148 cetera
883 3115 939 3168 quae
947 3096 979 3148 de
989 3095 1067 3147 rebus
1078 3114 1119 3146 or·

119 3197 156 3249 17.
175 3183 227 3234 Per
239 3183 309 3233 trina
322 3181 419 3233 theatra
425 3203 433 3242 ;
445 3183 577 3251 Pompeii,
622 3178 744 3231 dinandis
761 3177 871 3248 Augusti
887 3188 944 3226 aeta
959 3188 1120 3244 sequuntur,

84 3253 163 3324 balbi,
178 3271 203 3310 et
215 3257 351 3320 Marcelli;
368 3261 417 3311 nisi
437 3257 469 3309 de
484 3257 577 3308 Statilii
622 3249 773 3327 pretio'suo
791 3257 899 3304 aestimat
917 3253 1121 3318 Mourustru,

83 3331 159 3384 Tauri
184 3335 378 3405 amphitheatro
407 3336 516 3386 alterum
544 3337 578 3387 sit
624 3336 759 3386 Grandeur
772 3344 796 3382 et
811 3331 971 3396 De'eadence,
993 3347 1041 3382 ete·
1060 3349 1119 3402 cap.

84 3411 288 3482 intelligendum.
621 3415 696 3464 Xlll:
715 3415 891 3482 Auguste...
907 3411 997 3463 etabtit
1010 3409 1120 3474 l'ordre,

121 3489 158 3542 18.
177 3493 300 3562 Hylen...
313 3493 441 3562 Pyladen.
451 3493 532 3544 hlulta
545 3491 577 3546 de

84 3565 146 3638 Hyla
160 3583 184 3620 et
197 3568 295 3640 Pylade
307 3569 478 3622 histrionibus
495 3571 577 3621 Maer.

85 3643 184 3698 Saturn.
201 3650 239 3714 ll,
260 3667 285 3718 7,
304 3648 363 3700 ubi:
387 3668 455 3699 anee
470 3648 578 3720 Pylades

84 3719 170 3776 histrio
187 3725 266 3778 nobis
285 3727 446 3778 omittendus
461 3741 515 3794 est,
534 3729 579 3798 qui

86 3801 165 3856 clarus
173 3807 198 3856 in
211 3824 292 3876 opere
301 3823 348 3856 see
358 3806 405 3856 fuit
417 3805 579 3876 temporibus

86 3883 203 3953 Augusti,
218 3899 245 3936 et
255 3885 348 3955 Hylam
362 3884 520 3955 discipulum
535 3905 580 3938 us·

87 3979 133 4030 que
152 3960 185 4012 ad
206 3962 362 4033 aequalitatis
383 3965 579 4014 contentionem

87 4039 231 4092 eruditione
247 4043 379 4112 prorexit:
399 4041 514 4112 populus
534 4039 580 4091 ‹le-

87 4117 142 4169 inde
161 4120 230 4171 inter
246 4121 384 4190 utriusque
400 4120 524 4187 suffragia
539 4117 580 4168 di·

89 4197 154 4248 visus
166 4211 213 4248 est.
223 4223 234 4242 ιι
250 4197 364 4270 Pyladen
380 4197 450 4249 Urbe
465 4217 580 4248 summe-

90 4287 141 4328 tttm
155 4292 233 4350 atque
248 4293 398 4330 revocatum
414 4278 447 4329 ab
462 4279 579 4346 Auguste

626 3491 816 3556 «c'ese‘adire,
831 3509 882 3540 une
900 3489 1031 3542 servitude
1046 3488 1123 3540 dura·

626 3569 704 3621 sble:
722 3589 776 3634 car,
793 3569 858 3621 dans
873 3573 974 3620 arietat
990 3568 1071 3632 libre,
1086 3569 1122 3618 oit

625 3647 700 3698 «l'on
713 3651 785 3700 vient
797 3647 935 3716 d'usurper
948 3646 971 3697 la
988 3645 1123 3698 souverai-

627 3729 723 3791 ·netti,
747 3745 781 3777 ou
801 3725 904 3796 appelle
925 3724 993 3794 reple
1016 3736 1073 3774 tout
1091 3741 1122 3774 ce

627 3807 695 3872 «qui
715 3818 776 3873 peut
800 3802 894 3853 fouder
913 3801 1041 3854 l'autorite'
1063 3819 1123 3852 saus

628 3883 744 3933 ubernes
761 3881 820 3933 d'un
836 3880 908 3944 seul;
923 3894 949 3932 et
967 3899 1002 3930 on
1018 3899 1123 3931 nomme

628 3987 638 4010 ι
650 3962 761 4026 trouble,
771 3961 928 4026 dissension,
936 3962 1125 4029 mauvaisgou-

628 4054 820 4104 “vernement,
848 4052 906 4090 tout
924 4057 961 4092 ee
989 4041 1034 4110 qui
1059 4051 1124 4109 peut

628 4119 787 4170 umaintenir
808 4115 940 4168 l'honndte
964 4115 1054 4168 liberte'
1078 4115 1126 4168 des

628 4203 760 4266 ssujetw

662 4293 684 4325 n.
706 4273 841 4326 ltaliam...
855 4273 1041 4346 frequentauit.
1065 4277 1125 4326 Mo·
