2982 5116
376 568 538 633 oomv.
564 569 828 636 Aoousros.
1028 571 1125 656 ‚235

85 717 225 762 numero
237 709 271 770 et
284 693 326 762 de
339 691 532 762 conditione
541 717 581 760 nc
594 692 782 776 differentia
793 717 927 780 eorum,
940 699 998 791 qui
1009 719 1127 766 manu·

82 809 303 888 mitterentur,
327 809 458 874 curiose
482 809 638 888 cavisset,
667 806 732 874 hoc
758 832 894 903 quoque
920 807 1057 902 adjecit,
1082 833 1126 876 ne

82 919 209 989 vinctus
224 941 376 1010 unquam
394 933 544 984 tortusve
559 920 635 1010 quis
651 917 754 984 ullo!¹
771 917 933 985 libertatis
947 943 1068 1010 genere
1082 922 1127 987 ci·

82 1030 214 1098 vitatem
225 1028 478 1122 adipisceretur.
492 1031 600 1096 Etiam
610 1029 761 1097 habitum
770 1046 796 1077 ¹²
808 1033 1034 1126 vestitumque
1046 1035 1117 1124 pris

82 1140 187 1208 tinum
203 1135 364 1205 reducere
379 1137 519 1206 studuit.
540 1145 587 1205 Ac
603 1141 675 1206 visa
694 1136 867 1232 quondam
885 1163 948 1231 pro
967 1142 1127 1208 concione

83 1244 321 1340 pullatorum¹³
339 1247 456 1330 turba,
478 1247 753 1339 indignabundus
766 1264 799 1315 et
813 1247 987 1316 clamitans
999 1249 1042 1335 ¹4,
1059 1255 1126 1335 En,

177 1369 352 1440 Romanos,
365 1389 470 1428 rerum
482 1368 643 1444 dominos,
655 1383 838 1450 gentemque
849 1372 999 1449 togatam!
1012 1395 1026 1425 n

84 1478 252 1565 negotium
265 1457 427 1542 AEdilibus
439 1474 547 1558 dedit,
562 1499 605 1542 ne
620 1499 722 1569 quem
733 1474 873 1567 posthac
887 1477 1127 1566 paterenturiu

85 1589 166 1653 Foro
180 1588 327 1670 circave,
340 1590 404 1654 nisi
419 1590 535 1680 positis
549 1587 709 1670 lacernis,
722 1577 874 1680 togatum
885 1589 1077 1654 consistere.

128 1701 210 1765 ΧΗ.
225 1698 488 1768 'Liberalitatem
503 1698 659 1767 omnibus
675 1697 847 1766 ordinibus
862 1723 923 1790 per
935 1701 1127 1768 occasiones

86 1799 275 1902 frequenter
291 1809 452 1878 exhibuit.
472 1815 557 1877 Nam
579 1826 627 1894 et,
647 1812 779 1877 invecta
800 1807 883 1877 Urbi
901 1807 1127 1877 Alexandrino

86 1918 253 2012 triumpho
271 1923 362 2012 regin
376 1946 473 2013 gaze,
488 1932 631 1988 tantam¹
654 1923 785 2013 copiam
803 1923 1001 1988 nummariae
1015 1923 1064 1988 rei
1080 1919 1128 1988 ef-

86 2025 172 2110 fecit,
193 2047 247 2112 ut,
272 2030 388 2098 fenore
409 2031 600 2114 deminuto,
625 2031 809 2125 plurimum
836 2055 995 2124 agrorum
1012 2032 1128 2123 pretiis

87 2143 271 2224 accesserit,
284 2157 317 2208 et
327 2159 459 2234 postea,
476 2146 606 2238 quoties
619 2168 659 2210 ex
672 2143 907 2212 damnatorum
920 2141 1017 2209 bonis
1030 2166 1129 2234 pecu·

88 2252 138 2316 nia
151 2253 390 2344 superflueret,
405 2280 507 2324 usum
521 2252 593 2346 ejus
603 2259 791 2348 'gratuitum
802 2259 858 2335 iis,
872 2259 931 2351 qui
945 2264 1081 2324 cavere²
1092 2257 1128 2322 in

122 2469 162 2506 tt.
184 2457 245 2511 Ullo
264 2456 386 2511 libertatis
399 2478 510 2534 penem
528 2461 546 2512 i.
560 2479 583 2512 e.
628 2425 829 2531 sequebaturin
841 2459 910 2528 vulg.
921 2460 974 2524 ait,
989 2459 1129 2527 conjunxi·

88 2529 157 2583 nollo
168 2536 382 2588 manumissionis
393 2537 486 2602 modo,
496 2557 583 2610 neque
629 2555 680 2607 que
694 2537 766 2608 quod
779 2557 876 2590 novum
893 2538 930 2588 ibi
944 2539 1046 2588 comma
1063 2537 1130 2586 inci-

90 2609 211 2678 solemni,
221 2631 310 2686 neque
323 2617 409 2668 miuus
421 2617 541 2669 solemni.
628 2611 731 2684 piebat,
748 2615 879 2686 negotium
895 2613 1024 2665 AEdilibus
1040 2611 1128 2676 dedit,

124 2705 162 2743 ta.
172 2693 301 2745 Habitum
311 2695 491 2768 vestitumque.
503 2695 584 2749 Vesti·
628 2706 679 2744 etc.
693 2711 752 2745 eum
766 2694 894 2764 superiori
907 2690 1052 2743 clamitans.
1066 2693 1130 2742 Ver·

92 2777 126 2823 bu
138 2785 174 2824 est
186 2791 250 2842 pars
268 2771 369 2826 habitus
387 2777 432 2845 qui
451 2774 484 2826 ad
500 2787 586 2826 toturn
631 2791 689 2824 sum
702 2787 757 2823 esse
771 2771 888 2842 Virgilii,
905 2769 1006 2821 AEneid.
1019 2773 1045 2835 l,
1063 2769 1130 2834 282,

91 2865 179 2921 eorpus
188 2851 318 2922 pertinet,
332 2867 358 2904 et
367 2851 479 2907 'modum
491 2853 586 2924 signill-
631 2867 708 2900 nemo
722 2853 813 2902 nescit.
829 2849 944 2914 Deinde,
961 2850 989 2900 io
1000 2849 1066 2900 Foro
1078 2849 1131 2899 cir·

91 2941 131 2978 oet
149 2926 213 2980 illud
235 2929 371 2995 habendi,
393 2951 447 2984 non
468 2932 585 2984 restibus
631 2947 692 2980 eave
707 2949 767 2981 eum
786 2928 908 2980 Oudend.
926 2927 987 2980 dedi
1007 2948 1054 2998 pro
1073 2927 1130 2979 ctr-

91 3007 180 3070 nodo,
190 3027 336 3080 earumque
347 3009 436 3062 colore
445 3011 487 3063 vel
500 3011 586 3062 forma
631 3025 705 3072 cove,
722 3008 874 3058 auctoribus
888 3009 993 3080 optimis
1005 3005 1088 3057 Codd.
1105 3019 1131 3058 et

92 3087 268 3157 conspicuum.
283 3087 587 3153 ltauos,leccstomeet
630 3089 746 3137 Perizon.
766 3085 800 3138 ad
821 3088 909 3138 Senot.
930 3085 996 3135 Min.
1019 3086 1068 3151 lv,
1090 3084 1130 3136 13.

94 3160 261 3218 lotoumure.
629 3166 719 3218 Sermo
742 3164 775 3216 de
799 3169 927 3217 concione
950 3158 1053 3214 tantuin
1075 3176 1132 3229 est,

127 3244 164 3295 13.
189 3245 356 3299 Pullotorum
379 3249 461 3299 turbo.
484 3247 587 3300 Pullati
631 3243 704 3315 quod
714 3245 792 3296 docet
805 3247 861 3315 ipsu
873 3263 924 3295 vox
936 3243 1076 3296 consistere.
1090 3241 1132 3293 td

93 3319 141 3371 tire
151 3323 227 3373 atmti
239 3325 348 3394 proprie
363 3326 401 3375 rei
415 3325 586 3392 dicebantur,
631 3323 782 3393 spectacula
800 3323 904 3375 admisit
922 3322 1028 3396 quidem
1046 3321 1134 3392 pulle-

93 3407 149 3468 toge
162 3401 285 3466 sordida,
304 3421 351 3454 seu
365 3404 393 3454 in
407 3403 531 3457 sordibus
544 3407 588 3456 in·
633 3415 689 3466 tos,
703 3401 749 3453 sed
760 3403 930 3453 niediocavea
941 3401 1025 3453 sedere
1038 3401 1132 3465 vetuit,

94 3474 216 3532 cedentes.
231 3483 290 3532 lloc
304 3481 365 3534 loco
380 3482 455 3554 plebe
468 3483 588 3554 intelligi·
632 3493 662 3533 ut
674 3480 754 3531 tradit
765 3483 875 3547 Noster,
888 3500 946 3551 cap.
959 3480 1003 3546 44.
1041 3541 1042 3544 ¹

95 3565 133 3605 tur
146 3555 278 3621 Romana,
292 3577 366 3630 que,
381 3573 447 3631 ¹toga
467 3562 523 3614 fere
538 3561 587 3613 de·
667 3559 732 3611 xm.
754 3577 776 3611 r.
793 3560 906 3625 Tantam
918 3559 1050 3630 copiam...
1063 3555 1132 3628 effe·
1197 3619 1202 3624 Ι

94 3637 189 3704 posita,
202 3641 307 3692 tunicas
318 3640 439 3694 sordidas
454 3654 534 3713 atque
549 3640 588 3693 iu-
632 3641 682 3706 cit,
698 3653 748 3691 etc.
764 3639 841 3691 Conl.
855 3641 922 3701 Dio,
935 3639 965 3688 1.1
974 3677 982 3704 ,
997 3654 1039 3688 nt.
1054 3637 1132 3689 Oroi.

95 3733 189 3785 umas,
208 3719 282 3790 quod
296 3718 369 3791 pallii
383 3739 467 3792 genua
480 3721 588 3793 reliquis
633 3721 683 3784 Vl,
700 3735 730 3789 19
742 3741 747 3771 ι
764 3721 869 3780 «Roma
882 3721 908 3770 in
922 3731 1023 3770 tantum
1037 3715 1133 3788 opibus

96 3796 202 3850 restibus
220 3799 477 3870 superinduebatur,
497 3819 589 3871 gerere
632 3797 812 3869 (Alexandriae
826 3797 917 3867 urbis)
936 3809 1013 3848 aucta
1032 3807 1090 3860 est,
1104 3806 1134 3846 nt

96 3872 202 3944 solebat,
214 3877 287 3930 unde
300 3879 365 3930 Plio.
377 3881 460 3951 Epist.
469 3881 532 3946 vlt,
548 3897 588 3951 ¹7,
633 3891 743 3950 propter
752 3876 940 3928 abundantiam
951 3875 1135 3946 pecuniarum,

96 3954 200 4008 sordidos
208 3956 391 4029 pullatosque,
403 3956 515 4024 Quintil.
525 3961 587 4010 lnst.
634 3956 749 4028 duplicia
757 3975 838 4026 quam
845 3973 929 4026 nsque
938 3953 969 4005 ad
978 3953 1005 4004 id
1015 3951 1134 4020 fuerant,

96 4025 329 4103 ll,12,puttatum
342 4033 484 4100 circulum,
499 4050 524 4087 et
536 4037 588 4104 Vl,
632 4035 834 4106 possessionum
860 4033 1026 4105 aliarumque
1046 4051 1135 4090 rerum

99 4103 127 4171 4,
138 4109 266 4178 pullatam
279 4114 380 4164 turbam
393 4111 494 4164 dicunt.
633 4114 766 4166 venalium
782 4113 867 4184 pretio
880 4125 1065 4165 statuerentur.
1078 4135 1089 4158 ι

133 4187 169 4252 hl.
191 4189 350 4257 Clamitent,
367 4193 420 4244 En.
439 4193 509 4262 Ejeci
529 4209 588 4245 curn
671 4211 695 4246 2.
713 4191 1135 4265 Quicavereinduplumpossent5

99 4260 224 4332 Gronov„
243 4269 382 4336 Oudend,
397 4270 496 4339 Wolf„
516 4271 588 4344 quod
634 4273 650 4326 i.
667 4291 690 4324 e.
705 4271 836 4342 praedibus
848 4272 890 4325 vel
901 4271 1058 4344 pignoribus
1068 4270 1136 4326 detio
