2982 5116
348 598 507 663 OCTAV.
533 598 791 665 AUGUSTUS.
1023 597 1085 664 251

69 724 217 822 cujusque
227 740 329 819 atque
341 728 493 792 amicitiae
506 721 716 793 concihator³
729 740 763 790 et
779 723 905 806 fautor3
917 745 980 791 nec
996 723 1092 792 aliter

68 841 352 930 universos,quam
358 835 508 902 membra
518 849 697 929 partesque
706 835 951 926 imperii,curae
958 833 1091 916 habuit,

68 964 216 1015 rectorem
230 971 364 1041 quoque
379 947 496 1014 solitus
510 969 679 1039 apponere
694 961 790 1013 aetate
803 947 914 1037 parvis
928 969 966 1012 ac
980 961 1092 1012 mente

68 1057 193 1150 tapsist,
209 1057 316 1125 donec
331 1056 576 1140 adolescerent,
597 1073 656 1124 aut
669 1060 919 1150 resipiscerent:
935 1081 973 1123 ac
987 1055 1092 1149 pluri-

68 1191 188 1234 morum
207 1167 329 1235 liberos
348 1186 381 1235 et
398 1167 567 1235 educavit⁵
585 1166 684 1234 simul
706 1191 783 1233 cum
800 1170 869 1234 suis
888 1183 921 1233 et
939 1167 1091 1232 instituit.

64 1291 68 1300 '
108 1283 214 1345 XLIX.
240 1278 495 1347 Exmilitarihus
505 1278 825 1373 copiis¹legioneset
834 1277 956 1346 auxilia
965 1279 1096 1370 provin-

68 1390 166 1454 ciadm
178 1387 367 1456 distribuit:
391 1388 553 1458 classem'
570 1391 689 1457 Miseni
708 1405 742 1455 et
756 1387 896 1454 alteram
910 1391 1094 1468 Ravennae,

67 1497 105 1564 ad
114 1500 247 1567 tutelam
261 1503 373 1592 superi
385 1517 418 1568 et
429 1502 526 1569 inferi
538 1504 656 1586 maris,
669 1499 854 1566 collocavit.
866 1495 1023 1565 Certum³
1035 1521 1095 1565 uu·

67 1631 185 1676 merum
198 1614 320 1702 partim
334 1614 368 1678 in
383 1611 500 1693 Urbis,
517 1615 639 1704 partim
653 1615 685 1678 in
699 1613 751 1678 sui
767 1607 953 1677 custodiam
965 1607 1093 1700 allegit,

68 1716 210 1791 dimissa⁴
224 1721 554 1814 Calagurritanorum
568 1744 687 1805 manu,
704 1747 805 1816 quarn
822 1745 930 1816 usque
947 1719 988 1788 ad
1004 1718 1096 1786 devi-

68 1845 149 1896 ctum
159 1835 353 1913 Antonium,
364 1836 445 1900 item
456 1837 699 1901 Germanorum
709 1885 718 1913 ,
730 1857 831 1926 quarn
840 1831 968 1926 usque⁵
981 1829 1023 1897 ad
1036 1827 1098 1896 cla-

69 1935 137 2004 dem
149 1940 343 2019 Varianam,
356 1943 442 2006 inter
453 1944 634 2032 armigeros
649 1944 735 2008 circa
748 1965 783 2008 se
795 1941 966 2008 habuerat.
982 1945 1097 2032 Neque

69 2063 169 2114 tamen
186 2074 337 2143 unquam
351 2047 487 2142 plures6
499 2075 600 2143 quam
612 2067 679 2118 tres
691 2051 843 2119 cohortes
862 2055 897 2117 in
914 2051 1005 2117 Urbe
1026 2039 1100 2115 esse

68 2180 175 2246 passus
195 2173 263 2236 est,
285 2182 409 2252 easque
433 2161 503 2226 sine
522 2162 657 2226 castris:
681 2160 825 2254 reliquas
846 2164 881 2228 in
905 2159 1045 2226 hiberna
1066 2175 1100 2225 et

68 2271 169 2348 aestiva
181 2272 269 2336 circa
282 2269 422 2336 finitima
434 2268 557 2362 oppida
570 2269 737 2337 dimittere
755 2287 915 2336 assuerat.
934 2265 1100 2363 Quicquid

98 2504 121 2556 8.
141 2507 300 2562 Conciliator
321 2519 346 2559 et
361 2509 462 2581 fautor.
486 2507 556 2579 Lips.
601 2511 722 2574 miserat,
739 2508 826 2561 valido
839 2527 900 2560 curn
914 2509 1041 2578 remige.»
1058 2507 1099 2559 Gt.

69 2587 172 2655 conjecit
189 2601 287 2643 auctor.
307 2589 358 2642 sed
376 2589 427 2642 hoc
443 2592 499 2660 jam
519 2603 557 2642 est
601 2591 671 2660 Lips
687 2588 720 2640 de
734 2591 825 2658 Magn.
839 2590 905 2656 Imp.
920 2588 996 2638 Rom.
1010 2589 1036 2648 l,
1053 2586 1078 2639 5.

69 2664 217 2718 conciliator.
637 2667 662 2718 3.
684 2670 785 2718 Certum
805 2683 980 2716 numerum...
999 2663 1098 2735 allegit.

101 2743 123 2807 4.
141 2747 225 2798 AEtate
232 2748 320 2816 parvis
329 2767 360 2800 oc
371 2757 457 2797 mente
467 2746 556 2817 lapsis
604 2747 652 2796 l‘ro
665 2749 783 2809 Certum,
797 2743 829 2795 al.
842 2745 966 2796 Ceterum.
976 2744 1053 2795 Conf.
1067 2741 1101 2794 ad

70 2821 146 2876 eliliis
159 2844 254 2898 nempe
269 2845 377 2898 regum,
391 2826 431 2878 vel
446 2825 557 2878 filiabus.
602 2824 629 2876 h.
648 2825 665 2877 l.
680 2825 842 2894 Bauurgart.;
863 2825 934 2892 Lips.
957 2820 990 2873 de
1012 2823 1100 2891 Magn.

101 2903 123 2954 5.
141 2905 174 2958 Et
187 2907 307 2958 educavit
320 2903 399 2958 simul
416 2925 474 2958 cum
491 2907 558 2972 suis,
602 2907 679 2957 Rom.
694 2905 759 2972 lmp.
775 2906 801 2966 Ι,
816 2922 839 2954 c.
854 2901 909 2967 let
924 2900 948 2952 5.

71 2993 115 3034 ete.
127 2997 152 3036 ut
166 2989 326 3057 Agrippam,
341 2985 451 3038 Herodis
463 3005 493 3037 ex
505 2986 559 3038 filio
639 2983 664 3049 4.
685 2981 954 3055 Οαὶαφιιτίεαηονιιιη;
968 2981 1102 3050 Hispano·

69 3063 210 3117 Aristobulo
237 3081 380 3137 nepotem,
406 3067 449 3118 cui
474 3069 559 3118 Romae
605 3083 679 3129 rum,
698 3081 809 3132 quorum
825 3059 959 3112 custodias
976 3061 1102 3112 Caesarem

72 3139 175 3194 educato
188 3165 310 3214 magnam
326 3166 388 3198 cum
401 3148 502 3212 Druso,
512 3147 559 3198 Ti·
605 3144 683 3194 etiarn
694 3141 819 3192 habuisse
831 3141 940 3209 legimus
950 3140 1013 3190 Cres.
1028 3139 1070 3190 86.

71 3217 130 3273 herii
143 3223 210 3291 lilio,
225 3226 307 3278 fuisse
317 3227 457 3278 amicitiam
472 3237 561 3276 narrat
642 3223 665 3274 5.
689 3221 819 3293 Usquead
831 3219 931 3270 cladem
946 3218 1103 3276 Varianam

71 3299 169 3371 loseph.
186 3305 284 3369 XVlll,
303 3306 336 3371 6,
358 3322 366 3356 r
387 3302 443 3372 (od.
464 3305 561 3356 llaver-
604 3313 757 3370 postquam
771 3317 856 3350 rerum
869 3315 998 3348 novarum
1011 3312 1103 3367 suspe-

72 3393 152 3448 ὕδωρ·
165 3399 222 3452 pag.
239 3384 317 3448 886).
605 3393 662 3432 ctos
678 3379 781 3430 dimisit.
797 3378 950 3442 Di0,Lv1,
967 3375 1007 3426 23.

103 3455 186 3510 XLlX.
208 3478 229 3512 r.
245 3461 376 3534 Leyioues.
390 3460 519 3511 dccurate
528 3461 561 3512 de
641 3460 665 3510 6.
684 3458 804 3528 Neque...
815 3455 903 3526 plures
914 3469 994 3526 quam
1008 3465 1055 3505 tres
1066 3471 1106 3504 co·

73 3532 208 3604 legionibus
219 3541 347 3592 Romanis
357 3557 499 3610 earumque
512 3552 562 3589 sta·
606 3537 702 3598 laertes,
715 3549 765 3585 ete.
783 3537 848 3594 Dio;
863 3533 879 3584 l.
894 3552 916 3582 c.
930 3528 1105 3595 συμιτοφόλι-

73 3615 125 3666 tivis
143 3618 194 3684 agit
211 3618 279 3682 Dio,
299 3619 352 3680 LV,
372 3620 420 3682 23,
438 3617 483 3668 ubi
503 3615 561 3668 title
605 3637 647 3672 aar
660 3617 751 3679 θιηχῖἷ
760 3613 928 3679 rnupflirwt,
944 3614 961 3662 i.
979 3632 1002 3664 e.
1018 3613 1046 3662 ln
1059 3609 1104 3662 de·

73 3691 166 3744 Fabric.
179 3708 204 3747 et
215 3698 326 3747 Reimar.
340 3695 378 3747 Cf.
393 3695 547 3764 Bnurngart.l
607 3713 663 3744 cern
678 3693 774 3744 divisos
793 3693 916 3744 cohortes
934 3690 1005 3742 dicit.
1020 3691 1104 3740 Tacit.

104 3773 254 3829 melanem
259 3815 303 3827 .....
319 3775 464 3828 collocavit.
479 3777 561 3826 Tacit.
606 3772 700 3824 Annal.
717 3774 761 3836 lV,
777 3773 808 3836 5,
824 3785 895 3822 utres
912 3769 1043 3832 urbanas,
1060 3787 1106 3820 uo·

74 3849 160 3902 huual.
181 3857 224 3918 tv,
246 3855 282 3908 5:
307 3856 428 3908 thaliam
449 3870 563 3925 utroque
608 3872 662 3908 vem
687 3853 818 3922 pretorius
841 3849 979 3912 cohortes,
1002 3849 1105 3898 Etruria

75 3933 134 3982 nari
147 3931 203 3984 dure
217 3934 329 4000 classes,
344 3937 474 3986 Misenum
493 3933 563 4003 apud
608 3934 689 3982 ferrrre
699 3929 859 4000 Umbriaque
870 3927 998 3988 delectas,
1010 3939 1054 3978 aut
1065 3945 1106 3976 ve·

75 4021 98 4058 et
108 4010 273 4078 Ravennam,
288 4015 489 4084 proximumque
504 4011 563 4064 Gal·
608 4025 662 4062 tere
677 4011 768 4075 Latio,
789 4022 814 4060 et
833 4007 944 4058 coloniis
962 4007 1105 4076 antiquitus

75 4085 110 4137 lia
124 4088 182 4142 litus
203 4106 320 4146 rostratae
339 4111 417 4146 naves
438 4090 564 4162 praeside-
607 4090 753 4144 Romanis»
772 4100 907 4136 memorat.
921 4086 997 4138 Coaf.
1010 4083 1042 4135 de
1055 4081 1106 4134 boc

75 4165 224 4240 haut,quas
236 4173 342 4224 Actiaca
355 4173 462 4224 victoria
474 4184 564 4240 captas
609 4183 744 4220 anctorum
766 4166 884 4217 dissensu
904 4167 974 4236 Lips.
997 4164 1015 4214 l.
1034 4182 1058 4216 c.
1079 4175 1106 4216 ct

76 4245 236 4315 dumiensis
244 4250 373 4321 oppidum
383 4248 564 4319 Forojuliense
608 4249 628 4298 F
630 4247 711 4300 abric.
726 4245 760 4296 ad
773 4245 851 4296 Dion.
