3122 5134
522 517 557 578 o.
583 517 613 580 J.
639 516 808 582 casua.
1101 505 1111 518 “
1150 529 1187 594 ,3

140 631 319 729 Gadesque
331 639 493 720 venisset,
509 638 743 708 animadversa
754 644 845 734 apud
859 649 1012 716 Herculis
1025 652 1189 744 templum

140 746 257 834 Magni
272 743 451 813 Alexandri
465 749 628 840 imagine,
646 747 848 842 ³ingemuit:
868 774 902 822 et
917 761 1013 851 quasi
1026 775 1189 852 pertaesus

140 858 309 946 ignaviam
323 881 438 942 suam,
455 860 546 953 quod
565 861 732 930 nihildum
750 889 771 930 a
790 889 826 932 se
845 870 1061 940 memorabile
1076 890 1189 942 actum

141 983 232 1034 esset
241 969 277 1034 in
292 985 406 1051 artata,
423 995 489 1064 qua
497 967 568 1063 jam
580 971 769 1042 Alexander
783 975 900 1045 orbem
913 996 1080 1049 terrarum
1092 983 1189 1050 sube-

141 1081 263 1170 gisset,
285 1079 502 1149 lmissiouem
524 1087 685 1152 continuo
706 1085 919 1178 efflagitavit,
942 1091 985 1158 ad
1007 1093 1188 1187 captandas

141 1194 402 1285 quamprimum
413 1192 579 1287 majorum
594 1220 709 1264 rerum
721 1201 912 1268 occasiones
922 1205 957 1268 in
968 1203 1068 1271 Urbe.
1081 1209 1189 1274 Etiam

140 1303 340 1370 ⁵cnnfusum
360 1328 438 1372 eum
457 1310 588 1374 somnio
607 1311 768 1399 proximae
788 1315 895 1379 noctis
908 1317 1002 1399 (nam
1014 1319 1105 1383 visus
1118 1334 1190 1384 erat

140 1435 205 1503 per
227 1416 374 1505 quietem
397 1419 495 1484 matri
520 1433 675 1509 stuprum
698 1419 866 1509 intulisse)
892 1421 1119 1516 6conjectores
1144 1427 1188 1494 ad

140 1520 385 1614 amplissimam
403 1547 499 1616 spem
517 1528 759 1610 incitaverunt,
778 1530 953 1598 arbitrium
974 1533 1064 1601 orbis
1085 1552 1188 1603 terra-

141 1633 386 1725 rumportendi
396 1637 673 1728 interpretantes,
692 1667 705 1696 a
719 1639 855 1733 quando
864 1658 982 1724 mater,
996 1668 1098 1737 qnam
1110 1645 1188 1712 sub-

137 1740 264 1833 jectam
285 1744 347 1812 sibi
370 1745 524 1829 vidisset,
548 1773 616 1815 non
638 1747 702 1815 alia
725 1767 832 1833 esset,
856 1777 957 1847 quam
981 1772 1088 1838 terra,
1111 1781 1187 1852 quae

140 1857 315 1921 omnium⁷
331 1879 455 1948 parens
472 1857 690 1926 haberetur.»

140 2069 192 2132 Ill,
211 2070 244 2134 3,
260 2068 302 2120 etl.
321 2070 412 2122 Franz.
431 2071 478 2124 ubi
493 2074 562 2124 inter
578 2087 642 2144 qua·
687 2075 790 2125 somnio
810 2088 879 2126 estet
898 2075 1078 2142 sentiendum,
1099 2090 1189 2130 utrum

140 2161 204 2198 tuor
212 2147 342 2216 juridicos
354 2163 501 2202 conventus
512 2152 642 2222 IIispania
686 2150 745 2203 laeta
768 2152 956 2222 portenderet,
980 2174 1013 2207 an
1031 2157 1123 2209 tristia.
1148 2160 1188 2210 Ita

140 2228 239 2278 Beticae
248 2230 400 2281 nominatur
412 2229 563 2281 Gaditanus.
576 2227 642 2280 Vide
687 2228 796 2282 Ovidius
808 2231 915 2282 Heroid.
928 2235 1002 2300 XIX,
1018 2235 1082 2303 193:

139 2320 262 2358 nostrum
281 2307 336 2359 ind.
357 2310 383 2359 in
400 2307 493 2360 cesar.
514 2307 564 2360 sub
583 2325 642 2358 voc.
687 2323 1049 2380 Neeminmhestemaemnfundor
1057 2327 1189 2383 maginem-

140 2388 300 2454 Cortuentus,
311 2401 374 2439 tom.
384 2389 418 2440 IV
427 2387 490 2440 edit.
502 2401 644 2441 nostrae·
754 2385 798 2427 ⁶2⁵⁸·

141 2466 226 2518 Gades
237 2465 363 2518 describit
373 2467 482 2535 Strabo,
492 2469 541 2536 III,
552 2489 579 2541 p.
591 2467 643 2534 450
686 2465 755 2516 Eum
768 2466 911 2518 Burmann.
924 2466 1041 2519 deletum
1053 2468 1146 2520 maluit
1159 2483 1189 2521 ut

139 2563 196 2615 seq.
216 2543 280 2597 edit.
301 2544 467 2599 Siebenlteea.
491 2548 537 2598 ubi
562 2548 642 2600 multa
688 2544 1189 2618 otiosumsedmoremSuetouii,pro·

139 2622 219 2673 etiam
229 2622 264 2674 de
279 2622 377 2694 amplo
389 2624 518 2677 Herculis.
531 2625 642 2678 Alexan·
687 2641 784 2676 nomen
805 2638 899 2696 practer
919 2627 1102 2678 necessitatem
1121 2625 1189 2697 adji-

138 2699 180 2752 dri
194 2699 231 2750 ibi
244 2715 301 2753 erat
314 2703 401 2774 imago
415 2717 526 2774 propter
541 2722 642 2774 genus,
687 2703 791 2771 ciendi,
805 2703 926 2774 pluribus
943 2702 1068 2772 exemplis
1083 2702 1190 2757 adstru-

139 2795 196 2848 quo
208 2781 341 2849 pertinere
353 2780 387 2831 ad
399 2780 539 2833 Herculem
551 2782 642 2834 crede·
687 2796 782 2833 xerunt
795 2784 895 2834 Emest.
911 2794 938 2832 et
951 2781 1075 2834 Oudend.
1089 2813 1125 2824 -
1140 2785 1188 2837 So-
1240 2843 1245 2860 „

138 2858 235 2910 batur:
248 2859 326 2910 Diod.
340 2861 423 2924 XVII,
435 2878 461 2922 ις
476 2861 566 2913 Vellei.
579 2865 603 2928 I,
615 2861 640 2913 6.
687 2862 787 2913 mnIum
800 2859 867 2912 illud
880 2860 932 2910 luit
943 2860 1036 2914 Caesari
1051 2872 1116 2914 teste
1127 2862 1189 2914 Plu·

175 2939 201 2990 3.
220 2939 371 3013 Ingemuit,-
391 2939 458 2992 alter
479 2944 553 3011 quasi
573 2940 642 2992 The·
687 2938 866 3002 rummeins.
878 2937 1188 3012 32,nocta,anteqnam

138 3018 287 3084 mistocles,
298 3021 342 3070 cui
352 3037 473 3072 somnum
482 3034 581 3091 tropaea
587 3020 643 3072 Mil·
686 3017 851 3069 Rubiconem
865 3017 972 3068 fluvium
984 3019 1099 3071 transiit.

138 3097 217 3149 tiadu
228 3098 464 3169 interrumpebant.
473 3101 549 3150 -In
558 3110 641 3151 etate.
722 3097 747 3148 6.
769 3098 934 3168 conjectores.
943 3097 1054 3164 Quintil.
1064 3100 1127 3150 lust.
1138 3099 1188 3165 III,

137 3177 231 3227 Annos
247 3189 304 3228 turn
323 3177 369 3248 (A.
390 3181 421 3230 U.
440 3177 508 3248 687)
525 3175 643 3230 babebat
686 3174 719 3238 6,
729 3178 779 3229 30:
793 3178 966 3248 «conjectura
975 3173 1046 3226 dicta
1056 3189 1189 3230 astacon·

137 3256 227 3307 Cesar
236 3256 280 3308 33.
290 3254 440 3308 Alexander
449 3259 512 3308 item
522 3271 641 3310 mortuus
678 3257 767 3326 jectu,
790 3253 818 3305 id
837 3267 888 3320 est,
907 3253 1055 3306 directione
1073 3255 1188 3326 quadam

136 3347 177 3385 est
189 3353 290 3386 annum
304 3353 384 3406 agens
396 3335 445 3401 ³3,
459 3349 521 3407 post
532 3355 642 3408 regnum
686 3336 795 3385 rationis
810 3333 843 3385 ad
858 3335 1010 3398 veritatem,
1025 3334 1096 3386 unde
1109 3337 1188 3387 etiam

140 3431 170 3464 ta
187 3431 320 3465 annorum
332 3427 358 3466 et
372 3432 386 3484 7
403 3415 547 3466 mensium:
561 3413 639 3468 Diod.
686 3414 850 3465 somniorum
870 3425 950 3485 atque
969 3415 1087 3466 ominum
1104 3415 1189 3467 inter-

136 3494 188 3546 Sic.
205 3493 290 3559 XVII,
309 3510 348 3564 ¹7·
686 3503 773 3560 pretes
787 3492 940 3561 conjectores
950 3504 1087 3542 vocantur.
1098 3515 1109 3539 ι
1122 3491 1187 3545 Vide

171 3571 197 3637 4.
219 3571 378 3624 Misrt‘onem.
394 3573 455 3622 Non
471 3571 584 3639 additur,
599 3575 641 3625 in·
686 3571 871 3637 Rauranum,
883 3569 1188 3642 Voyaqed’Auaclmnis,

136 3650 196 3720 qnit
205 3647 335 3714 Wolfius,
348 3669 363 3702 a
374 3668 427 3720 quo
437 3651 589 3702 missionem
599 3671 642 3721 pa-
686 3668 745 3721 cap.
754 3649 877 3716 nudes
883 3649 986 3701 Devius.
995 3651 1076 3700 —De
1083 3648 1134 3700 hac
1140 3647 1188 3700 bu·

136 3729 218 3780 tierit.
232 3729 349 3781 Tametsi
363 3729 470 3780 minime
487 3728 641 3781 incredibile
683 3733 727 3801 jus
739 3731 834 3782 somnii
846 3729 1065 3798 interpretatione
1074 3728 1188 3798 plurima

136 3823 191 3872 est,
203 3809 230 3860 in
240 3808 334 3862 subitis
344 3808 449 3862 casibus
462 3811 540 3862 etiam
550 3829 565 3862 a
575 3813 642 3862 Prae·
686 3808 799 3862 Casaub.
814 3809 848 3860 ad
862 3807 888 3860 h.
903 3807 921 3858 l.
934 3819 960 3858 et
970 3806 1047 3858 Febr.
1061 3807 1095 3858 ad
1107 3810 1185 3860 Dion.

136 3898 197 3935 tore
211 3887 361 3939 missionem
372 3887 512 3958 impetrare
522 3891 640 3959 potuisse
685 3888 756 3954 XLI,
772 3889 813 3955 24.

135 3964 312 4031 Quaestorem.
722 3984 747 4035 7.
771 3965 895 4016 Omnium
907 3981 1009 4034 parens.
1025 3964 1080 4014 Liv.
1097 3965 1121 4029 l,
1136 3965 1184 4017 562

174 4042 201 4094 5.
221 4043 373 4114 Confusam.
398 4043 449 4095 Alii
471 4044 538 4096 male
560 4044 642 4117 confi·
689 4049 842 4096 elautus...
855 4057 949 4094 terram
960 4042 1052 4094 osculo
1062 4045 1186 4114 contigit,

134 4141 203 4173 sum.
216 4121 285 4174 Illud
298 4137 336 4175 eat
347 4117 535 4194 perturbamur,
545 4137 641 4196 perter-
687 4126 786 4176 scilicet
800 4121 871 4193 quod
891 4141 921 4172 ea
939 4125 1086 4174 communia
1104 4136 1187 4174 mater

134 4201 279 4272 restionem,
293 4221 376 4274 quum
392 4204 515 4267 nesciret,
531 4203 594 4274 qnid
608 4204 641 4256 de
688 4205 804 4256 omniurn
818 4199 967 4250 mortalium
979 4214 1077 4253 esset..
