3036 5128
377 527 420 590 68
750 529 786 589 C.
812 526 1045 593 SUETONll
1081 528 1084 534 ’

376 677 438 720 nec
447 653 521 721 loco
532 651 645 731 solito,
658 649 716 718 sed
729 653 860 719 vicatim
868 677 930 746 per
942 663 962 690 ¹¹
971 651 1124 722 dominos
1134 655 1319 724 insularum
1329 663 1409 750 egit:

375 779 476 859 atque
489 785 531 830 ex
547 764 691 856 ''viginti
705 764 929 858 trecentisque
942 761 1088 830 millibus
1102 766 1336 856 accipientium
1347 767 1414 832 fru-

375 892 526 944 mentum
538 897 556 938 e
570 871 720 965 publico,
737 869 931 940 adtentum
947 877 1189 969 quinquaginta
1205 881 1352 944 retraxit.
1368 885 1414 945 Ac

374 1011 418 1054 ne
431 989 488 1081 qui
500 986 579 1052 novi
588 979 612 1022 ¹³
626 999 730 1050 coetus
743 985 945 1050 recensionis
959 1007 1061 1050 causa
1074 989 1201 1053 moveri
1214 984 1415 1082 quandoque

374 1111 529 1189 possent,
548 1097 706 1176 instituit,
725 1097 904 1189 quotannis
922 1097 957 1160 in
972 1094 1227 1162 demortuorum
1247 1095 1359 1164 locum
1375 1122 1414 1163 ex

374 1209 428 1288 iis,
441 1207 499 1299 qui
515 1202 698 1272 ¹⁴recensiti
707 1227 775 1272 non
785 1220 913 1285 essent,
925 1205 1117 1273 subsortitio
1126 1229 1146 1272 a
1156 1214 1301 1276 Praetore
1310 1205 1412 1274 fieret,

421 1319 522 1384 XLll.
548 1317 723 1406 Octoginta
738 1329 851 1382 autern
865 1317 987 1383 civium
998 1315 1144 1385 millibus
1155 1320 1206 1384 in¹
1221 1322 1415 1385 transmari-

373 1546 487 1616 pessima
505 1542 642 1594 hominum
660 1542 724 1593 fece
740 1539 871 1612 inpleba-
916 1542 1037 1594 mercede
1051 1541 1170 1602 locanda
1183 1560 1229 1594 seu
1244 1540 1340 1592 domus
1352 1559 1416 1592 con-

372 1637 425 1692 tnr,
439 1637 468 1676 ut
484 1635 555 1676 recte
565 1621 666 1693 judicet
679 1622 793 1692 Appinn.
808 1617 870 1672 Bell.
916 1620 1051 1686 ducdcin,
1068 1638 1216 1692 pauperum
1231 1617 1298 1670 adeo
1310 1617 1415 1670 habita-

373 1705 428 1756 civ.
442 1705 478 1770 ll,
496 1719 553 1754 tno.
569 1703 695 1752 Verentos
708 1699 795 1750 luerat
811 1709 873 1750 ante
917 1700 994 1766 cula,
1008 1699 1114 1762 insule·
1128 1697 1291 1751 nobiliorum
1303 1711 1330 1750 et
1342 1699 1416 1750 ditio·

372 1783 500 1835 &serem
524 1780 552 1829 in
578 1776 722 1834 ordinanda
747 1777 873 1830 frumenti
917 1779 1078 1833 rumdomns
1087 1778 1215 1851 appellari
1225 1776 1355 1830 solebant.
1366 1779 1416 1846 Qui

372 1856 500 1910 divisione
522 1855 683 1926 Pompeius,
706 1854 738 1906 A.
764 1857 796 1906 tt,
820 1851 872 1923 698
917 1858 974 1910 illes
989 1856 1162 1934 pqsidebmt
1176 1870 1203 1909 et
1215 1856 1359 1921 locabant,
1373 1856 1417 1909 do-

372 1936 455 2008 (uio,
473 1933 601 1999 xxxix,
624 1933 670 2000 24³
691 1932 757 1984 Plnt.
780 1935 870 2004 Pomp.
917 1937 984 1988 mini
1000 1936 1161 1997 insulanam
1182 1937 1228 2006 qui
1246 1935 1416 1998 habitabunt,

373 2015 432 2087 50).
442 2015 578 2078 Ceterum,
588 2031 687 2070 enasse
694 2012 806 2084 reliquos
814 2014 873 2064 scri·
918 2012 1042 2086 inquilini
1050 2027 1077 2065 et
1089 2014 1208 2067 insularii
1218 2014 1291 2066 dicti.
1302 2015 1371 2064 Eum
1381 2014 1418 2064 lo·

373 2105 477 2165 ptores,
486 2092 531 2164 qui
541 2109 649 2142 censum
658 2090 752 2162 populi
759 2091 873 2142 universi
918 2091 1017 2164 quendi
1029 2111 1131 2145 morem
1146 2092 1287 2144 Suetonius
1300 2091 1329 2142 h.
1347 2093 1365 2143 l.
1380 2111 1417 2144 se·

373 2171 502 2225 sthene
516 2169 636 2222 habitum
648 2169 829 2233 tradiderunt,
845 2181 872 2220 ut
918 2186 995 2226 cutus
1006 2186 1054 2225 est.

372 2253 441 2304 utut.
456 2251 549 2303 Cacsar.
570 2247 617 2316 55,
636 2260 662 2300 et
679 2251 792 2320 Appian.
810 2249 874 2300 Bell.
956 2269 995 2304 ta.
1014 2255 1056 2306 Ex
1070 2254 1163 2326 viqinti
1177 2253 1347 2324 trecentisque
1360 2251 1418 2302 mil-

372 2331 428 2384 civ.
442 2331 478 2396 ll,
498 2346 558 2392 ron,
576 2328 784 2398 Epitomatorem
799 2325 874 2380 deni·
919 2331 1021 2385 libus...
1031 2331 1419 2396 retraxit‚·deduxit‚subtrauit

374 2429 426 2482 que
435 2410 490 2460 biv.
498 2409 576 2474 CXV,
586 2420 751 2470 nauantem,
761 2425 873 2459 ‹recen-
920 2411 953 2462 sb
962 2430 1073 2465 numero
1082 2413 1198 2478 3ao‚ooo
1206 2411 1255 2476 ad,
1264 2411 1292 2463 id
1304 2425 1360 2478 est,
1371 2414 1419 2463 cir·

374 2507 431 2541 suin
447 2491 514 2559 egit,
533 2505 586 2559 quo
605 2505 684 2540 censa
701 2500 763 2538 sunt
775 2487 873 2537 civium
918 2490 1066 2560 citer(vide
1081 2509 1105 2542 c.
1124 2489 1172 2560 no)
1190 2490 1315 2557 150,000,
1334 2505 1366 2543 nt
1379 2509 1419 2542 su·

373 2571 460 2640 capita
479 2583 509 2618 ot
531 2563 648 2630 millia„
674 2579 799 2616 notavere
824 2563 874 2616 du·
919 2567 1420 2641 peressent,quibusfrumentumepn-

372 2647 437 2700 dum
446 2647 495 2698 viri
507 2645 588 2696 docti.
601 2646 738 2696 Proximus
749 2655 809 2694 ante
821 2646 873 2695 Au·
920 2647 998 2710 blico,
1014 2649 1032 2698 i.
1046 2667 1070 2700 e.
1085 2667 1117 2699 ex
1130 2649 1221 2699 erario
1234 2646 1356 2710 daretur,
1368 2650 1420 2698 fere

372 2738 480 2797 guttum
494 2741 589 2776 census
605 2721 639 2774 ad
652 2723 683 2776 Δ,
699 2726 730 2774 U.
748 2721 815 2782 683;
827 2739 874 2772 sen
924 2741 1052 2796 170‚ooo‚
1062 2743 1119 2796 quae
1129 2729 1207 2779 unice
1216 2743 1278 2778 vera
1286 2741 1327 2778 est
1338 2730 1419 2779 inter-

373 2807 487 2877 primunt
505 2805 553 2857 Cu.
569 2803 688 2874 Pompeii
706 2815 733 2854 et
749 2802 785 2852 M.
797 2804 874 2854 Cras·
918 2804 1032 2872 prelatio
1043 2801 1241 2874 Oudendorpii‚
1253 2803 1419 2867 liuhnltenii,

374 2885 396 2934 si
413 2881 596 2944 consulatum,
615 2880 774 2932 referendus.
795 2879 872 2930 Couf.
919 2880 1017 2932 Wolfii.
1050 2884 1215 2934 Burmannus
1247 2883 1421 2954 subintelligit
1467 2943 1471 2960 Ι

375 2960 408 3010 ad
420 2959 449 3010 b.
463 2959 481 3010 l.
497 2961 645 3028 Baumgart.
662 2985 702 2999 =-·
717 2960 773 3011 Nec
790 2975 873 3022 more,
919 2977 1069 3020 numerum,-
1087 2961 1213 3012 Ernestus
1232 2959 1267 3012 ad
1288 2979 1419 3015 recensum

372 3056 422 3093 nec
431 3037 581 3093 ktosolito.
592 3039 688 3089 locum
699 3053 790 3090 omnes
801 3055 873 3090 carn-
917 3037 1016 3102 refert,
1038 3037 1199 3109 explicantes
1217 3038 1285 3090 adeo
1306 3053 1420 3112 uterque

374 3137 439 3190 pum
456 3119 580 3169 Martium
595 3115 753 3187 intelligunt.
773 3117 874 3168 Morem
920 3117 1024 3168 retraxit
1044 3135 1092 3186 pro
1113 3119 1211 3191 redeyit
1225 3118 1261 3169 ad
1279 3135 1422 3171 numerum
1448 3171 1451 3185 ,

375 3195 409 3247 ad
428 3197 556 3246 Censores
575 3207 602 3245 et
618 3193 717 3246 scribas
735 3192 875 3265 publicos,
923 3194 1045 3262 ¹50,000.
1064 3197 1154 3262 Patet,
1172 3195 1306 3250 Plutarchi
1327 3201 1421 3262 eoam,

372 3278 402 3327 iu
425 3274 471 3327 tali
491 3293 601 3326 recense
623 3273 742 3326 adhiberi
762 3275 874 3344 solitos,
920 3287 946 3324 et
956 3277 1000 3344 qui
1011 3291 1070 3327 eum
1082 3276 1251 3342 secuuntur,
1262 3295 1421 3330 error-enei

373 3354 492 3408 referunt
507 3352 620 3406 Casuub.
640 3365 665 3404 et
683 3351 808 3406 liualdus.
824 3354 874 3406 Sed
919 3350 946 3403 b.
957 3351 974 3402 l.
986 3351 1025 3403 vel
1036 3355 1171 3404 communi
1180 3354 1270 3426 aliquo
1282 3356 1363 3408 fonte
1373 3374 1423 3408 mt-

369 3451 456 3506 *quum
466 3432 531 3486 tales
540 3431 874 3503 largitionesfrumentariae
919 3429 943 3482 le
957 3431 1090 3483 intellecto
1105 3431 1216 3485 fluxisse.

373 3514 471 3568 fuerint
484 3515 571 3584 prius,
585 3531 664 3586 quem
679 3513 809 3565 Censores
821 3516 874 3565 Ro·
957 3510 997 3561 13·
1007 3509 1078 3561 Novi
1085 3511 1318 3577 conuenientius,
1327 3513 1421 3565 turbe.

374 3591 739 3660 meessentmeliuslirnest.
748 3593 874 3644 Senatum
957 3587 996 3652 14.
1018 3588 1071 3657 Qui
1079 3591 1195 3642 recensiti
1204 3609 1256 3644 nou
1266 3606 1350 3644 essem
1355 3615 1366 3654 ,·
1378 3593 1423 3663 qui

371 3693 405 3727 ex
423 3675 533 3728 arbitrio
545 3689 637 3724 curum
653 3673 706 3736 rei,
725 3674 873 3742 cuicunque
918 3667 944 3718 iu
955 3682 1065 3719 recensu
1078 3668 1185 3721 Gesseris
1197 3669 1303 3722 admissi
1318 3673 1357 3724 etl
1368 3675 1423 3724 fru-

372 3753 502 3823 placeret,
516 3749 656 3802 mandasse
670 3752 769 3800 statuit.
918 3749 1107 3798 mentationem
1125 3765 1181 3810 pon
1195 3762 1291 3802 essent.
1306 3749 1422 3804 Codices

410 3848 450 3884 tt.
471 3831 522 3882 Per
532 3828 651 3880 dominos
663 3827 818 3880 insularum.
830 3829 873 3880 ln·
917 3826 961 3878 alii
975 3827 1002 3878 b.
1016 3826 1033 3878 l.
1049 3830 1158 3896 mensi,
1171 3847 1227 3900 que
1242 3831 1329 3882 forma
1342 3836 1422 3884 etiam

369 3907 433 3960 sote
446 3910 555 3980 proprie
568 3905 637 3958 tedet
651 3919 725 3958 erant
737 3925 753 3957 a
765 3905 872 3976 reliquis
916 3906 1112 3976 inira,Vespss.
1122 3925 1151 3977 9,
1160 3906 1423 3981 amultisprobatur.

371 3983 486 4038 edificiis
495 3989 631 4056 sejunctae,
640 3986 684 4038 vis
693 3999 819 4056 tanquam
831 3986 871 4035 in·
947 3984 1026 4036 XLll.
1037 3987 1421 4050 r.lntransmarinuscolonias;

373 4061 434 4113 suite
446 4065 513 4114 maci
525 4066 625 4116 cinctu.
639 4063 692 4116 Sub
703 4064 872 4133 lmperatori·
913 4061 1068 4116 Corinthum
1075 4063 1422 4140 marimeetCartbaginetn‚

368 4140 423 4193 bus
437 4141 666 4212 distinguebantur
682 4145 810 4196 demutet
827 4144 870 4195 in·
917 4161 982 4212 quas
995 4147 1108 4197 restituit
1123 4144 1218 4196 Ceste.
1239 4145 1307 4198 Plut.
1323 4149 1420 4202 Cesar.

368 4216 435 4273 ιώ
446 4217 497 4288 (cl.
510 4221 572 4274 lter.
588 4221 620 4274 16
632 4235 657 4274 et
670 4222 732 4292 38),
744 4221 790 4273 nbi
802 4219 870 4274 edes
916 4220 965 4290 573
981 4236 1010 4273 et
1027 4221 1094 4288 Dio,
1107 4222 1204 4288 Xllll,
1221 4224 1264 4278 50.
1278 4227 1421 4297 Appianus
