3036 5124
496 529 738 596 rtnnnrus
1076 529 1143 619 ⁴³9
1212 587 1216 596 .

97 662 259 755 principio
281 674 413 727 tantum
434 682 504 725 non
529 681 696 726 summam
717 654 884 723 malorum
907 679 1048 723 suorum
1068 679 1146 747 pro·

96 769 202 838 fessus
221 785 289 836 est:
310 766 425 856 aQuid
442 766 587 836 scribam
601 766 713 850 vobis,
733 772 847 836 Patres
861 768 1069 863 conscripti,
1086 781 1147 834 eut

96 880 264 977 quomodo
285 880 445 965 scribam,
466 897 526 948 aut
546 878 628 976 quid
649 883 788 950 omnino
807 902 876 947 non
897 880 1061 960 scribam,
1080 880 1160 947 hoc·

95 1009 259 1087 ternpore,
275 994 328 1061 Dii
345 1017 401 1060 me
419 998 566 1088 Demque
580 987 677 1085 pejus
695 989 857 1084 perdant,
877 1015 980 1086 quam
996 988 1158 1085 quotidie·

95 1108 204 1200 perire
212 1108 335 1190 sentio,
349 1109 376 1173 si
389 1109 468 1174 scio.
483 1137 497 1168 υ
511 1107 710 1173 Existimant
720 1102 874 1199 quidum,
887 1106 1062 1198 praescisse
1074 1103 1147 1172 haec

95 1241 172 1286 eum
189 1220 309 1311 petitia
325 1217 543 1286 futurorum:
563 1239 603 1283 no
617 1215 727 1283 multo
740 1230 837 1297 ante,
854 1231 980 1310 quanta
993 1238 1029 1283 se
1041 1239 1149 1311 quan·

95 1329 207 1426 doque
226 1328 389 1397 acerbitas
406 1345 440 1396 et
458 1330 595 1397 infamia
615 1345 787 1412 maneret,
806 1331 1036 1421 prospexisse;
1058 1327 1148 1396 ideo-

95 1466 176 1536 que,
194 1458 233 1510 ut
247 1444 426 1534 imperium
442 1443 570 1525 inierit,
587 1457 639 1509 et²
652 1444 804 1510 PATRIS
818 1444 986 1508 PATRIAE
1001 1438 1149 1532 appella-

95 1557 237 1638 tionem,
250 1572 299 1636 et,
314 1579 358 1623 ne
373 1558 407 1622 in
423 1572 498 1622 acte
510 1579 573 1623 sua
583 1552 770 1648 juraretur,
784 1553 1043 1622 obstinatissime
1054 1575 1148 1621 recu-

96 1688 203 1748 sasse,
223 1689 267 1732 ne
286 1689 365 1733 mox
384 1663 514 1759 majore
531 1664 697 1734 dedecore
715 1668 824 1759 impar
839 1668 940 1733 tentis
961 1663 1148 1733 honon'bus

95 1779 312 1845 inveniretur.
338 1777 438 1863 Quod
462 1801 542 1845 sane
566 1793 600 1846 et
623 1801 665 1845 ex
689 1780 840 1846 oratione
863 1775 955 1871 ejus,
981 1776 1149 1869 quamde

95 1901 239 1982 utraque
251 1909 288 1952 re
300 1885 433 1971 habuit,
446 1886 558 1980 colligi
570 1903 697 1982 potest:
711 1887 765 1956 vel
777 1913 883 1984 quum
893 1891 954 1972 ait,
975 1917 988 1948 a
1000 1886 1149 1956 Similem

95 2019 130 2065 se
148 2021 284 2090 semper
304 2000 356 2064 sui
372 1997 543 2081 futurum,
563 2023 626 2066 nec
643 2023 796 2094 unquam
813 2015 1024 2066 mutaturum
1037 2021 1149 2066 mores

95 2132 190 2192 suos,
207 2109 370 2204 quamdiu
390 2135 481 2180 sanae
500 2115 623 2180 mentis
644 2113 784 2182 fuisset:
806 2111 866 2180 sed
886 2109 1031 2204 exempli
1047 2136 1149 2180 causa

95 2218 283 2289 <avendum
295 2247 385 2308 esse,
403 2247 495 2292 nese
512 2227 653 2293 Senatus
667 2228 703 2291 in
715 2241 790 2293 actu
806 2221 1009 2321 cujusquam
1023 2223 1149 2317 obliga-

95 2351 163 2417 ret,
192 2337 252 2428 qui
274 2333 388 2430 aliquo
414 2360 493 2404 casu
518 2339 643 2405 mutari
667 2355 823 2430 posset.»
850 2342 893 2405 Et
915 2360 1057 2404 rursus:
1089 2339 1148 2403 «Si

71 2489 76 2502 .
95 2445 231 2540 quando
246 2464 378 2532 autern,
395 2451 524 2544 inquit,
545 2449 587 2516 de
603 2451 754 2518 moribus
773 2454 873 2548 meis,
889 2448 1078 2544 devotoque
1092 2441 1150 2518 tto-

95 2555 144 2624 bis
158 2561 273 2626 animo
287 2557 519 2630 dubitaveritis
539 2559 651 2656 (quod
667 2563 867 2655 priusquam
881 2563 1029 2642 eveniat,
1047 2577 1127 2652 opto
1141 2615 1149 2642 ‚

95 2685 132 2736 ut
143 2693 199 2736 me
217 2693 397 2762 supremus
413 2670 484 2739 dies
502 2670 581 2739 huic
594 2687 734 2740 mutatae
745 2687 866 2739 vestrae
877 2670 920 2739 de
932 2695 987 2740 me
999 2673 1150 2762 opinioni

96 2781 251 2873 eripiat),
275 2779 358 2848 nihil
383 2781 520 2850 honoris
544 2780 679 2877 adjiciet
698 2781 781 2850 mihi
806 2785 958 2850 PATRIS
981 2786 1150 2852 PATRIAE

95 2983 600 3028 ¹2⁸R⁰m²i⁰³!0fi⁸⁰n¹·il·!0mlfl¹20mbm¹
645 2986 834 3058 meisdignum‚
842 3004 928 3037 rerum
937 2999 1084 3039 vestrarum
1092 3006 1151 3058 pro·

160 3043 188 3085 ‘³⁸
198 3044 268 3086 Μ’
645 3066 754 3132 vidum,
772 3077 938 3118 constantem
959 3067 985 3116 in
1005 3068 1149 3138 pericuirs,

646 3147 825 3220 offensionum
842 3163 891 3216 pro
909 3141 1023 3198 utilitate
1041 3148 1151 3219 publica

645 3243 700 3275 non
715 3221 857 3295 pavidum,
874 3221 992 3276 credant.
1011 3226 1073 3276 iiteo
1086 3228 1151 3280 mibi

644 3306 671 3354 in
688 3303 782 3354 animis
794 3303 886 3353 vestris
898 3301 1013 3372 templa,
1031 3300 1071 3355 bae
1087 3305 1150 3375 pul*

645 3379 887 3450 cherrimaeeffiqiet
898 3392 925 3432 et
934 3398 1076 3433 mansure:
1089 3401 1150 3435 narn

646 3477 703 3530 qua
721 3476 784 3510 saxo
804 3471 960 3524 struuntur,
980 3462 1001 3510 si
1018 3459 1150 3529 judicium

644 3552 814 3610 posterorum
832 3539 860 3589 in
879 3536 970 3588 odium
985 3540 1080 3606 venit,
1099 3561 1149 3613 pro

131 3635 156 3670 a,
173 3617 210 3670 Et
221 3619 308 3670 Patn's
320 3618 456 3669 Partim...
469 3636 599 3671 rectuasse.
646 3617 777 3690 sepulcris
791 3630 961 3689 spernuntur.
977 3618 1092 3673 Proinde
1106 3639 1152 3673 so·

96 3695 161 3749 Vide
169 3714 263 3768 supra,
272 3714 332 3766 cop.
342 3695 532 3748 aba-Tiberii
541 3714 600 3747 ors·
646 3699 716 3764 aios,
730 3699 817 3758 oives,
830 3709 857 3749 et
868 3696 932 3751 deos
946 3699 1019 3769 ipsos
1032 3717 1129 3770 precor
1143 3726 1148 3753 ι

97 3776 194 3827 tionem
205 3776 244 3826 sio
257 3773 346 3826 reddit
354 3774 439 3826 Tacit.
449 3773 544 3826 Annei.
556 3775 601 3842 Ν,
644 3775 712 3843 hos,
726 3789 757 3828 ut
769 3775 834 3828 mihi
849 3775 883 3828 ad
897 3775 976 3828 finem
993 3796 1079 3850 usque
1092 3783 1151 3835 vites

97 3854 145 3907 38:
157 3853 621 3925 «Egome‚P.C·,morteiemesse‘
646 3857 763 3927 quietam
783 3867 810 3908 et
829 3852 1018 3926 intelligentem
1038 3856 1158 3914 humani·

98 3947 124 3988 et
131 3934 269 3988 bominum
280 3933 473 4006 officiafungi‚
483 3935 601 4006 satisque
645 3935 780 4012 divinique
796 3937 864 4005 juris
879 3949 995 3987 mentem
1008 3934 1100 4000 duint;
1119 3941 1151 3992 ii-

97 4016 208 4082 bebere,
220 4019 242 4070 ei
253 4015 342 4070 locum
352 4016 501 4088 prinoipem
511 4016 602 4088 imple·
646 4015 705 4083 ios,
724 4025 770 4081 ut,
788 4012 950 4088 quandoque
970 4033 1129 4071 concessero
1142 4060 1150 4085 ,

98 4115 153 4163 am,
164 4109 244 4150 etvot
254 4109 384 4163 testor,et
393 4096 543 4148 meminisse
553 4114 601 4166 po·
646 4113 708 4148 cum
723 4092 803 4146 laude
824 4107 850 4146 et
865 4092 943 4146 bonis
961 4095 1150 4152 recordationi-

99 4188 180 4228 steros
190 4175 321 4246 volo,qui
331 4177 393 4228 satis
403 4192 537 4246 superque
547 4191 601 4226 me·
645 4174 696 4226 bus
722 4173 793 4225 facta
817 4184 896 4244 atque
918 4173 1017 4226 famam
1037 4180 1151 4232 nominis

98 4259 185 4308 moria
196 4275 261 4308 meu
272 4255 404 4323 tribuent,
414 4269 443 4307 ut
455 4254 601 4324 majoribus
646 4253 698 4306 mei
709 4263 938 4324 prosequantur.»

95 3117 157 3168 -T
154 3115 195 3168 ati
201 3116 316 3188 qautoioe
321 3116 467 3188 principio,
476 3129 527 3168 eto.
535 3116 602 3170 Seri-

95 3197 147 3269 psit
156 3215 216 3250 eam
226 3215 287 3248 ann.
300 3196 361 3266 785.
373 3197 479 3270 lusique
489 3197 537 3250 hoc
547 3199 600 3249 ini-

96 3276 162 3344 tiunt
179 3274 294 3328 reddidit
311 3276 391 3326 etiam
405 3276 490 3327 Tacit.
502 3275 598 3328 Annnl.

96 3358 145 3422 vt,
158 3353 190 3422 6,
208 3354 282 3426 apud
294 3373 373 3427 quem
384 3353 439 3407 heo
452 3373 505 3407 una
518 3357 601 3408 varie·

97 3447 149 3500 tas,
165 3432 239 3506 quod
252 3434 336 3497 inira,
354 3457 366 3480 α
375 3453 454 3507 quam
465 3436 550 3506 pet-ire
559 3453 601 3486 me

95 3513 211 3586 quotidie
222 3513 340 3581 sentio,=
356 3513 431 3584 quod
445 3513 601 3587 praeplacet.
