2982 5116
377 571 442 659 278
745 573 782 634 C.
807 563 1036 637 SUETONll

375 699 477 764 miam
485 695 593 764 subiit.
605 671 911 788 SexsPompeiusut
920 696 1146 762 effeminatum
1155 697 1333 762 insectatus
1343 709 1401 760 est:

297 863 303 876 .
375 812 421 874 M.
434 809 595 873 Antonius
605 815 616 842 ²
625 806 839 898 adoptionem
850 804 1008 872 avunculi
1019 821 1134 895 stupro
1144 806 1298 869 meritum
1310 830 1316 869 :
1330 805 1405 869 item

375 919 513 996 Lucius,
535 919 639 983 Marci
659 917 772 992 frater,
791 917 886 1008 quasi
904 914 1098 1008 pudicitiam
1114 913 1295 980 delibatam
1309 937 1329 978 a
1341 911 1406 977 Cae·

376 1051 465 1108 sare,
478 1032 515 1093 A.
530 1029 628 1094 etiam
643 1030 750 1095 Hirtio
763 1031 797 1094 in
815 1029 973 1120 Hispania
984 1031 1062 1093 CCC
1074 1025 1220 1092 millibus
1235 1031 1407 1090 nummum

376 1137 608 1221 substraverit,
622 1138 806 1232 solitusque
823 1139 865 1204 sit
878 1161 975 1204 crura
993 1137 1153 1205 suburere
1167 1159 1253 1202 nuce
1267 1132 1406 1212 ardenti,

377 1271 445 1342 quo
457 1246 589 1314 mollior
600 1247 688 1341 pilus
703 1263 864 1341 surgeret.
879 1245 940 1314 Sed
955 1262 987 1313 et
999 1247 1144 1340 populus
1158 1243 1329 1340 quondam
1344 1244 1407 1309 uni·

347 1393 348 1398 1
376 1380 494 1424 versus
510 1355 666 1425 ludorum
682 1358 752 1441 die,
774 1375 807 1425 et
826 1361 953 1449 accepit
971 1361 1004 1424 in
1020 1355 1258 1426 contumeliam
1274 1353 1361 1448 ejus,
1381 1371 1408 1419 et

377 1492 515 1536 assensu
533 1473 678 1538 maximo
692 1471 1085 1563 comprobavitversum,
1099 1473 1134 1536 in
1151 1493 1251 1537 scena
1269 1491 1409 1560 pronun·

378 1581 516 1660 ciatum,
529 1578 571 1646 de
583 1579 679 1647 Gallo
691 1583 804 1647 matris
816 1585 924 1647 Deum
938 1581 1201 1672 tympanizante,

497 1683 645 1764 Viden',3
657 1703 692 1748 ut
703 1687 836 1749 einaedus
849 1691 955 1749 orbem
968 1689 1064 1770 digito
1078 1686 1247 1770 temperat?

423 1791 538 1854 LXIX.
565 1786 734 1855 adulteria
746 1787 881 1884 quidem
895 1791 1095 1872 exercuisse,
1113 1811 1156 1854 ne
1169 1788 1269 1852 amici
1284 1781 1408 1878 quidem

379 1911 517 1986 negant;
531 1913 727 1964 excusantes
740 1922 835 1982 sane,
849 1922 918 1966 non
929 1897 1082 1982 libidine,
1096 1896 1155 1964 sed
1169 1899 1316 1963 ratione¹
1331 1917 1410 1960 com·

379 2005 498 2084 missa,
514 2029 581 2097 quo
597 2007 725 2074 Facilius
745 2009 880 2076 consilia
893 2008 1161 2075 adversariorum
1179 2029 1241 2098 per
1255 2002 1409 2097 cujusque

379 2111 536 2180 mulieres
548 2118 746 2208 exquireret.
759 2125 808 2186 M.
821 2121 999 2200 Antonius,
1012 2142 1113 2210 super
1121 2125 1131 2153 ²
1140 2116 1410 2183 festinatasLiviae

380 2225 529 2313 nuptias,
541 2221 662 2314 objecit
674 2241 707 2292 et
717 2227 875 2294 feminam
887 2226 1099 2295 consularem
1112 2249 1130 2292 e
1141 2223 1288 2292 triclinio
1298 2225 1359 2290 tiri
1369 2245 1411 2288 co

380 2334 474 2399 ram³
490 2336 525 2401 in
541 2334 733 2420 cubiculum
751 2337 945 2420 abductam,
959 2361 1076 2406 rursus
1091 2340 1124 2404 in
1139 2339 1348 2418 convivium,
1367 2357 1411 2400 m

381 2539 541 2590 Octavianus
559 2511 624 2610 ipse·
637 2539 710 2612 apud
731 2540 880 2606 Votrtrnr,
922 2542 1068 2608 ferebatur,
1083 2543 1126 2594 oui
1140 2539 1206 2591 alius
1221 2537 1355 2601 cinaedus,
1367 2537 1410 2586 Au-

382 2616 406 2667 le
419 2617 589 2685 Triumvirat,
603 2633 652 2670 act.
664 2619 713 2684 111,
725 2639 762 2672 ac.
776 2637 806 2688 7:
922 2633 1027 2690 gustus,
1040 2631 1156 2690 praeerat.
1169 2621 1247 2670 Hunc
1260 2633 1363 2667 versum
1373 2613 1411 2664 ali·

380 2699 498 2756 D'indignes
505 2702 596 2760 vuluptes
605 2705 753 2762 corrompaient
762 2703 879 2758 monjeune
922 2698 984 2751 cubi
994 2698 1092 2750 Gallice
1104 2695 1217 2748 reddidit
1229 2697 1373 2745 Votum:

447 2767 495 2815 ⁵5⁸²
922 2774 1101 2829 Ledoigtd'unvil
1108 2774 1169 2816 Giton
1177 2769 1385 2828 gourernel'unrrem

382 2821 799 2880 ”¹³²¹’“¹⁰'¹⁸⁰⁰0*‘¹²⁸'‘⁰t⁰¹¹¹=eate-
958 2837 1048 2889 nxrx.
1071 2853 1092 2888 t.
1105 2833 1413 2889 cananeum,-

394 2974 399 2984 ⁹
419 2911 443 2944 ²·
463 2897 503 2946 Μ·
522 2896 662 2958 Anulum,
682 2910 732 2948 0²⁰·
749 2898 803 2949 Cle·
819 2897 880 2948 Phi·
925 2916 1073 2968 scelestiora
1089 2915 1211 2986 profecto
1229 2911 1287 2981 ipsa
1303 2909 1412 2969 libidine,

382 2971 446 3042 lrpp.
459 2974 507 3038 lll,
521 2975 552 3025 6:
568 2999 579 3020 ι
589 2977 703 3026 Primum
717 2979 742 3028 in
753 2979 879 3030 Caesarem
926 3015 1002 3068 quam
1020 2993 1187 3046 excusabant,
1208 2989 1260 3042 Sed
1277 2985 1413 3060 probabilis

383 3064 414 3103 nt
427 3051 567 3106 maledicta
586 3059 731 3126 congessit,
745 3056 879 3128 depromta
925 3069 979 3124 haec
991 3075 1057 3123 ratio
1075 3085 1114 3124 est
1131 3073 1158 3120 in
1175 3070 1315 3138 Augusto,
1330 3067 1372 3137 qui
1385 3083 1414 3114 ne

384 3149 414 3183 ex
424 3131 784 3205 recordationeimpudicitiae
795 3149 821 3188 et
831 3151 882 3187 stu·
925 3169 1037 3223 peecare
1061 3147 1168 3220 quidem
1190 3147 1246 3198 sine
1267 3157 1324 3196 arte
1346 3156 1414 3214 atque

382 3227 491 3281 prorum
510 3213 634 3262 suorum?
653 3215 719 3280 Quis
741 3217 810 3266 enim
829 3214 881 3266 hoc
926 3229 989 3280 dolo
1003 3241 1116 3298 poterat,

384 3286 551 3339 adolescente
575 3291 690 3342 castior?
710 3295 767 3361 quis
791 3292 881 3344 mode·
963 3302 1414 3381 msuperfeffimaffivffoenuptias,-

385 3368 468 3417 atior?
483 3367 554 3436 quod
567 3371 593 3419 in
603 3371 742 3436 juventute
754 3371 882 3424 habemus
927 3406 1019 3459 quam,
1032 3411 1043 3432 „
1053 3388 1183 3437 incertum
1195 3403 1227 3434 a„
1237 3379 1414 3447 invitam‚adeo

385 3445 511 3499 illustrius
523 3447 669 3518 exemplum
681 3452 775 3502 veteris
788 3453 883 3502 sancti-
924 3482 1048 3538 properus
1060 3461 1182 3532 (abstulit
1197 3461 1325 3532 marim),
1339 3473 1378 3524 tu,
1387 3475 1414 3506 ne

384 3525 459 3576 tatis?
471 3527 529 3595 quis
544 3539 630 3577 autem
644 3525 689 3576 illo
700 3527 828 3580 maledico
838 3531 883 3580 im·
928 3544 1014 3612 spatio
1026 3542 1129 3613 quidem
1140 3541 1173 3592 ad
1184 3539 1339 3591 enitendum
1350 3538 1415 3598 dato,

385 3605 512 3674 Pufl⁰‘?”
927 3623 1068 3693 penatibus
1088 3623 1140 3672 suis
1160 3619 1295 3690 gravidam
1318 3617 1416 3669 induxe-

421 3698 445 3749 3.
468 3696 568 3764 Valet,
583 3713 634 3750 etc.
647 3701 684 3751 lta
698 3697 832 3769 dedimus,
844 3705 884 3753 in·
928 3703 996 3763 rin»
1010 3703 1094 3752 Tacit.
1108 3699 1201 3750 Annal.
1211 3699 1245 3762 V,
1262 3715 1284 3749 r.

308 3827 316 3838 ,
385 3788 454 3828 serto
467 3789 508 3844 ut,
523 3795 582 3828 cum
596 3779 695 3830 Ernest.
710 3793 735 3830 et
748 3779 883 3843 Oudend,
965 3781 991 3832 3.
1012 3777 1415 3834 Virieomm.Servarilibrot-um

386 3875 401 3908 a
418 3859 489 3910 MSS.
507 3861 536 3910 lu
552 3860 638 3930 primo
657 3859 724 3930 pede
736 3863 830 3911 senarii
845 3874 883 3912 est
929 3857 1070 3910 lectionem
1084 3859 1147 3925 viri,
1160 3875 1239 3928 quam
1253 3867 1383 3908 mutarunt
1394 3855 1417 3902 in

386 3949 547 4008 anapestus,
558 3940 584 3988 in
596 3953 689 4010 quarto
700 3937 828 4010 dactylus.
839 3937 884 3991 Ce-
929 3939 983 3989 viro
996 3937 1030 3988 ob
1041 3956 1116 3990 usum
1127 3934 1261 4008 particulae
1272 3954 1365 3988 coram.
1374 3929 1417 3984 Sed

386 4026 488 4079 terum,
505 4013 662 4084 ambiguitas
676 4029 714 4068 est
728 4019 753 4066 in
768 4035 826 4067 voc.
842 4034 884 4070 or·
927 4017 1060 4088 jungenda
1073 4038 1087 4069 e
1099 4017 1212 4070 triclinio
1227 4018 1277 4068 viri
1284 4056 1292 4082 ,
1305 4029 1329 4067 et
1340 4029 1417 4066 comm

387 4092 438 4156 bis,
456 4093 527 4162 quod
540 4107 694 4165 tympanum
707 4095 883 4166 significabat,
928 4098 1044 4165 pertinet
1054 4094 1084 4146 ad
1096 4096 1245 4159 abductam,
1257 4108 1285 4145 ut
1295 4091 1417 4145 sit'adver·

386 4169 491 4220 aGallo
508 4169 590 4240 digito
609 4174 758 4242 pulsatum,
777 4185 884 4244 atquea
929 4173 965 4224 bii
977 4173 1037 4226 loco
1050 4176 1165 4245 positum
1178 4168 1425 4244 prominebant,
1489 4181 1490 4220 ὲ

387 4247 489 4319 populo
503 4248 536 4300 ad
553 4249 643 4302 orbem
656 4267 786 4305 terrarum
800 4265 886 4305 trans·
930 4253 1111 4322 spiciendius,
1138 4252 1257 4305 Suetonii
1280 4267 1359 4301 more.
1384 4249 1416 4296 lta
1488 4289 1490 4408 Ι
