3122 5134
287 575 345 625 ιιι
474 551 677 620 annm
685 553 735 620 10
761 555 883 622 novt
908 557 1154 626 EDlTORlS.

286 701 411 810 ptoris
423 700 641 776 sexcenties
650 697 972 805 repetitillmmo
984 701 1124 780 utilius
1135 703 1256 781 fuerit
1266 703 1339 782 eli·

284 871 378 948 gere
396 871 444 921 ex
462 845 656 919 immensa
673 845 806 949 copia,
827 872 920 948 quae
939 845 989 921 ad
1010 874 1095 922 rem
1113 845 1335 953 plurimum

283 987 453 1080 faciant,
480 981 635 1062 delectu
666 985 887 1090 prudenter
913 990 1120 1086 instituto,
1151 992 1333 1085 resectis,

286 1157 378 1233 quae
396 1129 596 1203 recentior
610 1146 705 1202 aetas
725 1125 968 1232 repudiavit,
989 1129 1150 1228 additis,
1170 1159 1262 1236 quae
1275 1157 1337 1207 re·

285 1274 389 1350 ctius
409 1297 519 1346 nunc
538 1271 714 1375 exposita
731 1288 844 1346 sunt:
863 1273 905 1346 in
926 1272 1212 1379 compendium
1231 1270 1335 1348 redi-

284 1445 378 1524 gere
394 1414 594 1521 longiores
609 1413 660 1490 de
680 1412 889 1492 nonnullis
904 1412 1018 1513 locis,
1036 1414 1101 1494 vel
1118 1416 1239 1493 rebus
1255 1414 1336 1491 dis-

286 1561 537 1668 putationes3
560 1577 601 1633 et
622 1556 696 1633 ubi
724 1560 1017 1635 sententiarum
1039 1559 1245 1636 diversitas
1272 1585 1336 1632 ac·

285 1700 404 1798 cidit,
419 1701 571 1777 omissis
581 1726 692 1803 ,quae
703 1697 1123 1808 falsaminusqueapta
1134 1703 1254 1776 etiam
1266 1698 1337 1775 do-

285 1841 1055 1940 ctissimishominibusexcidunt,vera‚
1068 1847 1336 1948 omniumque

285 1989 446 2096 punctis
464 1985 648 2094 probata,
676 2014 722 2061 ea
738 1985 954 2087 brevitate,
969 2015 1098 2093 eoque
1115 1987 1257 2065 ordine
1275 2013 1338 2062 re-

285 2130 406 2228 ferre,
441 2132 512 2234 qui
546 2147 653 2205 recta
686 2149 808 2236 atque
847 2129 1027 2236 expedita
1059 2129 1337 2236 quaerentibus

285 2273 513 2379 promtioris
525 2271 764 2375 cognitionis
773 2290 813 2347 et
825 2270 1013 2348 facilioris
1022 2270 1166 2378 judicii
1180 2274 1336 2377 copiam

284 2413 417 2490 faciat.
435 2413 658 2516 lta,·quum
676 2439 909 2517 persuasum
931 2411 1189 2509 haberemus,
1201 2414 1338 2488 minus

285 2556 450 2662 quidem
479 2551 678 2659 gloriolae,
711 2583 804 2659 quae
835 2583 883 2632 ex
913 2559 1090 2634 novitate
1118 2557 1335 2661 quaeritur,

284 2703 456 2778 maxime
478 2718 610 2774 autem
632 2695 796 2776 utilitati
822 2699 1134 2794 consulendum,
1154 2699 1338 2777 adhunc

285 2843 410 2922 linem
424 2869 561 2920 omnes
578 2843 682 2918 vires
702 2861 853 2919 nostras
868 2846 1162 2920 convertimus:
1180 2862 1219 2919 et
1227 2839 1337 2951 judi·

285 2985 438 3062 cabunt
458 2984 644 3078 fortasse,
663 2985 733 3087 qui
753 2981 1006 3088 diligentiore
1027 2987 1207 3062 examine
1226 2982 1337 3060 labo-

284 3156 371 3206 rem
386 3145 567 3203 nostrum
580 3124 733 3228 dignati
744 3126 914 3223 fuerint,
930 3155 1012 3202 non
1024 3127 1238 3202 festinante
1251 3127 1337 3200 ani·

243 3299 250 3314 ·
284 3295 351 3344 mo
365 3286 486 3370 atque
504 3263 637 3343 studio
651 3292 724 3342 nos
741 3267 783 3340 in
802 3293 849 3340 eo
863 3265 984 3341 fuisse
996 3285 1183 3363 versatos,
1201 3293 1335 3370 neque

283 3407 414 3486 aliena
444 3405 563 3483 modo
591 3428 834 3501 recantasse3
862 3404 948 3500 sed,
978 3404 1050 3481 ubi
1081 3410 1336 3510 acquiescen-

283 3551 382 3628 dum
395 3550 514 3626 etiam
527 3550 570 3623 in
584 3546 809 3625 doctiorum
822 3546 1033 3623 hominum
1043 3546 1197 3653 judicio
1213 3566 1337 3651 atque

283 3693 519 3772 auctoritate
541 3707 658 3785 esset,
681 3689 851 3794 propriis
870 3707 1003 3763 tamen
1025 3685 1152 3764 oculis
1171 3685 1336 3782 vidisse,
1431 3785 1435 3792 1

284 3864 418 3940 neque
433 3831 506 3909 ulli
524 3831 732 3908 industriae
747 3831 989 3937 pepercisse,
1007 3859 1098 3935 quae
1115 3830 1337 3906 necessaria

285 3977 335 4055 ad
352 3995 505 4054 nostras
521 3975 693 4050 rationes
709 3970 925 4050 videretur.
947 4047 950 4058 ,
