3036 5124
357 565 422 643 412
732 560 767 622 e.
794 557 1026 623 sueronu

354 689 485 754 tionum
499 683 820 778 expeditionumque
835 705 1012 779 nunquam
1031 681 1172 764 salario,
1187 682 1321 750 cibariis
1335 699 1407 750 ten-
1511 683 1512 690 '

354 816 446 880 tum,
466 798 682 879 sustentavit,
703 819 771 863 une
786 792 888 864 modo
902 793 1121 878 liberalitate,
1138 819 1180 863 ex
1197 791 1408 886 indulgentia

354 909 482 990 vitrici,
497 920 716 999 prosecutus,
730 930 857 1001 quum,
872 905 981 974 tribus
995 903 1159 974 classibus
1170 904 1267 972 factis
1280 929 1347 997 pro
1360 903 1409 972 di-

355 1022 481 1111 gnitate
507 1015 693 1113 cujusque,
721 1021 839 1111 prime
864 1033 1022 1088 sexcenta
1048 1019 1219 1098 sestertia,
1248 1015 1408 1096 secunde

355 1128 601 1224 quadringente
615 1127 804 1213 distribuit,
820 1129 966 1199 ducenta
979 1132 1105 1213 tertiae,
1122 1153 1225 1224 quem
1239 1152 1313 1196 non
1325 1131 1408 1196 umi-

354 1262 492 1321 corum,
505 1237 584 1308 sed³
600 1255 773 1332 gratorum
784 1240 988 1336 appellabat.

372 1422 375 1430 ,
400 1353 534 1416 XLVII.
548 1350 708 1443 Princeps
720 1374 832 1446 neque
841 1371 947 1445 ¹opera
955 1347 1027 1420 ulle
1037 1349 1216 1443 magnifica
1226 1349 1310 1418 fecit
1319 1353 1410 1437 (num

354 1475 388 1526 et
408 1469 503 1554 quae²
528 1459 601 1528 sola
621 1479 834 1553 susceperat,
856 1464 998 1555 Augusti
1019 1461 1203 1555 templum,
1223 1464 1410 1531 restitutio-

353 1596 501 1668 nemque
515 1575 709 1667 Pompeieni
721 1573 859 1659 theatri,
874 1575 1069 1667 imperfecte
1082 1589 1160 1668 post
1170 1589 1222 1641 tot
1231 1597 1344 1641 annos
1357 1597 1410 1640 re·

352 1682 487 1779 liquit),
506 1708 618 1781 neque
637 1686 829 1778 spectacula
843 1689 981 1756 omnino
995 1685 1121 1771 ‚edidit3
1139 1701 1174 1754 et
1191 1687 1253 1768 iis,
1273 1709 1354 1779 quae
1366 1684 1411 1751 ab

352 1792 466 1891 aliquo
483 1795 702 1882 ederentur2,
717 1801 886 1868 rarissime
905 1798 1073 1882 interfuit,
1089 1821 1134 1866 ne
1150 1794 1234 1893 quid
1249 1819 1411 1889 exposce·

352 1921 458 1988 retur,
475 1905 615 2002 utique³
635 1925 817 2005 postquem
836 1907 1027 1980 comoedum
1045 1910 1178 1977 Actium
1198 1923 1341 1976 coaetus
1359 1923 1410 1973 est
1510 1889 1512 1916 ⁸

352 2020 599 2086 manumittere.
625 2024 815 2090 Paucorum
838 2026 1037 2094 Senatorum
1059 2024 1174 2115 inopie
1196 2034 1407 2098 sustentata,

352 2161 471 2276 aliosque
486 2204 580 2261 doctos
594 2206 735 2276 homiues,
750 2229 819 2282 quos
828 2213 856 2264 in
900 2225 990 2264 evecta
1001 2209 1098 2276 fidem,
1109 2205 1238 2279 templum
1250 2206 1324 2279 pstri
1335 2181 1409 2257 ¹moli·

351 2283 490 2338 itineribus
509 2303 601 2340 secum
619 2287 717 2342 ducere
736 2290 856 2358 solebat,
900 2292 958 2342 turi
972 2307 1052 2359 quem
1062 2285 1297 2358 megnibcosuimi
1308 2297 1407 2354 tempe·
1489 2351 1492 2356 Δ
1511 2353 1512 2362 ¹

351 2362 431 2416 docet
438 2361 542 2418 Ernest.
552 2369 616 2420 Exe.
628 2365 663 2419 ud
672 2367 745 2420 buno
756 2368 855 2423 locum.
899 2378 1021 2420 ramento
1033 2365 1082 2420 Cn.
1094 2381 1204 2436 quoque
1216 2363 1341 2434 Pompeii
1351 2381 1407 2413 mu-
1491 2376 1499 2390 ·

386 2441 411 2496 3.
434 2443 582 2498 Gratus-um.
597 2446 639 2498 Al.
654 2447 816 2516 Groeconen,
829 2463 856 2501 et
900 2465 966 2500 nere
978 2446 1101 2499 absumta
1116 2445 1172 2515 igni
1187 2443 1326 2494 restituit!
1347 2441 1391 2510 qni

350 2521 434 2572 Grec.
450 2521 535 2575 voluit
553 2525 701 2578 Graiorum.
719 2525 771 2578 Sed
788 2529 856 2581 inter
901 2525 1028 2600 quiequid
1039 2542 1157 2595 unquem
1170 2519 1406 2574 claritudiueesui·

350 2600 448 2654 amicos
460 2603 540 2655 etism
549 2603 855 2670 Greci,esltomsniin-
900 2606 974 2672 uuit,
997 2601 1024 2656 id
1043 2601 1126 2655 veluti
1148 2612 1296 2672 cogentum
1318 2611 1405 2652 censet

351 2693 391 2733 ter
399 2690 486 2754 pratos
496 2684 514 2734 i.
525 2701 549 2734 e.
560 2683 657 2754 quibus
666 2682 854 2749 delectaretur,
899 2682 1037 2738 tuendum.
1049 2708 1060 2732 ι

352 2777 513 2832 (quemquem
521 2779 577 2814 noo
588 2761 623 2816 ed
631 2764 783 2818 interiorem
793 2767 855 2818 stui-
936 2781 961 2815 s.
980 2764 1016 2816 Et
1031 2763 1113 2816 iis...
1131 2758 1259 2814 rarissime
1274 2756 1405 2828 interfuit

351 2840 442 2891 citisus
454 2836 585 2893 admissis.
899 2841 1024 2895 Diversus
1042 2841 1070 2893 in
1085 2839 1139 2892 hoc
1154 2855 1267 2911 prorsus
1284 2849 1326 2888 est
1341 2836 1406 2900 Dio,

386 2917 487 2971 XLVll.
510 2937 532 2972 1.
553 2921 615 2992 Quoe
632 2920 688 2974 sola
702 2931 853 2994 ssucepemt.
898 2921 981 2985 LVII,
1001 2936 1144 2991 11,qnem
1162 2917 1315 2970 dissensum
1335 2927 1406 2968 reete

351 2999 416 3065 Dio,
425 2998 507 3067 Lvtt,
521 3017 567 3066 ro,
576 2999 692 3070 plurime
701 2999 809 3056 edificia
820 2999 853 3054 sb
899 2999 1024 3054 conciliet
1034 2998 1173 3052 Fabricius
1182 2999 1234 3064 ite,
1247 3008 1279 3047 ut
1289 2996 1406 3048 Dionem

351 3095 383 3128 eo
393 3078 625 3148 perfectascribit,
637 3099 796 3154 quemquem
804 3098 853 3132 suo
898 3077 932 3131 de
946 3080 1031 3151 priori
1043 3076 1145 3131 Tiberii
1159 3089 1293 3146 tempore,
1308 3075 1405 3144 inquo

351 3157 458 3208 nomine
465 3175 520 3208 non
531 3159 675 3230 inscripto,
686 3159 790 3212 nullum
800 3177 855 3212 sus·
898 3175 1001 3210 summe
1019 3159 1077 3228 ejus
1096 3156 1227 3218 comites,
1247 3149 1406 3204 Suetonium

351 3246 474 3306 ceptum,
486 3238 536 3288 nisi
545 3239 659 3308 Augusti
668 3237 794 3310 templum
802 3240 855 3292 Ro·
898 3237 932 3289 de
946 3237 1106 3312 posteriori,
1121 3234 1169 3287 ubi
1181 3252 1272 3286 verum
1286 3230 1406 3285 indolens

338 3309 408 3365 ‘mm
425 3311 492 3366 Cum
506 3316 606 3366 Nostro
623 3320 756 3370 consentit
768 3319 853 3370 Tacit.
898 3331 1020 3382 exuerat,
1035 3333 1169 3390 exponere
1183 3326 1301 3366 censeat.
1314 3341 1353 3352 -
1365 3312 1407 3364 As

351 3391 447 3446 Annsl.
463 3395 513 3459 Vl,
527 3393 577 3461 45:
595 3394 657 3446 «Ne
671 3394 780 3468 publice
795 3399 854 3471 qui·
898 3397 988 3472 aliquo
1000 3411 1041 3450 est
1051 3398 1083 3449 ab
1093 3394 1149 3450 ullo
1160 3392 1228 3460 alio,
1243 3394 1406 3465 quicumque
1511 3461 1512 3470 ἵ

317 3508 326 3530 ,
352 3471 426 3541 dem,
436 3475 487 3526 nisi
496 3472 551 3526 duo
562 3491 660 3545 opere,
669 3477 775 3543 struxit,
787 3490 854 3530 tem·
898 3476 1004 3531 demuto
1020 3489 1098 3530 esset.

351 3550 426 3625 plum
445 3553 583 3622 Angusto,
602 3566 629 3604 et
649 3571 755 3606 scenam
773 3557 853 3607 Pom·
934 3557 959 3610 3.
974 3555 1070 3630 Utique
1077 3552 1268 3629 postquam‚·id
1277 3566 1405 3623 sempr!-

352 3632 441 3700 peieni
450 3630 554 3699 theatri,
561 3649 644 3705 esque
651 3627 862 3704 periects,con·¹
898 3636 989 3688 sertim
1001 3649 1154 3708 postquem.
1165 3635 1203 3686 lte
1216 3633 1273 3685 liv.
1288 3633 1340 3698 ΙΙΙ,
1354 3629 1404 3696 65,

351 3723 436 3764 temtu
449 3709 616 3778 ambitionis,
629 3730 662 3765 sn
675 3731 723 3785 per
734 3725 855 3766 senectu-
901 3709 1404 3788 sedquepostremismeusibugqutus,

351 3802 421 3858 tem,
435 3789 506 3844 haud
526 3791 665 3845 dedicavit.
676 3816 688 3840 ι
706 3795 854 3864 Utrumque
899 3805 971 3847 etc·
993 3797 1044 3864 Vl,
1066 3810 1118 3860 no,
1139 3793 1250 3865 «utique
1265 3802 1404 3864 postque·

352 3885 420 3939 opus
431 3867 544 3921 obsolvit
555 3882 582 3922 et
592 3869 722 3923 dedicavit
733 3869 856 3942 Caligula
899 3870 1065 3926 sordidatum
1072 3891 1148 3926 reum
1158 3871 1282 3924 viderunt
1289 3891 1297 3933 ς
1304 3894 1317 3916 ι
1327 3870 1404 3932 XLV,

353 3965 415 4000 ann.
435 3965 494 4020 79⁰·
512 3948 581 4002 Vide
600 3949 682 4022 Calig.
706 3968 752 4013 αις
773 3952 852 4004 Dion.
900 3951 948 4018 23,
964 3953 1078 4026 entique
1091 3952 1143 4006 si·
1160 3955 1191 4004 ln
1206 3949 1289 4004 verbo
1302 3961 1404 4003 coactio

351 4030 425 4095 LIX,
436 4046 459 4099 7.
470 4028 617 4100 Magnificis
629 4029 715 4083 verbis
724 4029 852 4099 Velleius,
898 4044 1000 4087 estnon
1014 4033 1191 4106 argutendmn
1205 4045 1262 4084 erst
1274 4033 1402 4101 interpre-

352 4108 389 4174 ll,
405 4108 467 4160 130:
483 4132 495 4154 ι
505 4111 612 4177 Queute
624 4129 673 4162 suo
691 4129 854 4184 suorumque
898 4113 978 4166 tibus.
988 4106 1401 4186 Coqereestvebementibuspre-

353 4188 460 4237 nomine
472 4190 597 4240 exstruxit
608 4193 705 4260 opere!
720 4209 799 4262 quam
810 4193 854 4263 pio
899 4191 988 4260 cibus,
999 4190 1098 4264 quibus
1107 4191 1233 4243 resistere
1243 4186 1338 4260 aliquis
1348 4203 1400 4236 non

353 4265 549 4332 munificentia,
564 4285 697 4340 superque
710 4269 854 4324 humanum
899 4271 987 4340 sudet,
996 4273 1196 4348 efflagitarelta
1206 4265 1400 4338 ὶιιγιίξκιω-
