3036 5124
413 551 664 619 Excuttstts
690 553 785 618 XIV.
1063 551 1129 641 475

374 871 694 974 EXCURSUS
723 873 837 974 XIV

311 1097 380 1168 An
411 1097 689 1184 murmuri,
718 1099 802 1170 cn.
833 1093 893 1186 ιι.

76 1523 220 1610 Ducuntur
233 1555 369 1628 Equimm.
387 1546 645 1625 Decurias'judicum
667 1553 777 1626 intelligi
796 1555 948 1606 monuimus
964 1554 992 1605 in
1010 1563 1075 1606 nota
1097 1555 1131 1608 sd

77 1638 106 1692 b.
126 1638 143 1691 l.
160 1641 225 1690 Earn
246 1637 403 1689 senteutiam
430 1632 509 1686 latius
536 1633 743 1705 explicabimus,
765 1647 790 1686 et
804 1633 881 1687 simul
896 1633 930 1685 nd
952 1633 1132 1688 dubitationes

77 1732 175 1770 contra
205 1735 263 1769 eam
282 1728 368 1767 motas
400 1711 630 1785 respondebimus.
663 1714 780 1764 Primum
808 1713 890 1782 igitur
915 1713 977 1764 satis
1004 1717 1134 1777 constat,

78 1799 200 1851 &sareu
212 1796 345 1868 potestatis
363 1807 464 1866 partem
484 1811 547 1858 esse,
558 1793 682 1865 judicum
701 1793 815 1846 decurias
835 1810 1011 1864 reeopnoscere
1028 1804 1054 1844 at
1071 1811 1133 1865 sup-

75 1877 158 1950 plere.
171 1881 262 1950 ltaque
279 1896 309 1928 ea
323 1893 365 1928 rea
378 1885 545 1928 cumrerum
561 1874 689 1926 Suetonio
705 1889 829 1939 vocetur,
841 1885 868 1924 et
883 1890 953 1944 sepe
965 1871 999 1924 ab
1013 1874 1133 1944 lmpere·

78 1959 184 2012 toribus
200 1959 271 2010 lacte
291 1969 523 2010 commemoratur.
545 1955 612 2026 Aug.
633 1972 656 2006 c.
678 1972 727 2023 29,
747 1973 798 2028 quo
814 1953 870 2006 loco
884 1957 945 2026 jam
964 1955 1050 2006 senior
1067 1971 1134 2024 soeps

77 2040 161 2090 etim
179 2039 304 2090 Senatum
320 2035 428 2099 habuit,
454 2035 621 2108 decuriasque
627 2036 749 2106 judicum
768 2036 926 2106 recopnovit.
946 2033 1023 2086 Conl.
1043 2052 1067 2084 o.
1086 2034 1132 2086 32.

79 2117 176 2170 Claud.
191 2138 215 2170 o.
235 2115 282 2181 15,
300 2135 382 2189 quum
395 2115 512 2168 decumas
526 2133 612 2166 rerum
625 2117 686 2166 ociis
700 2126 872 2187 expungeret,
888 2127 937 2167 etc.
953 2114 1030 2167 Coni.
1042 2111 1132 2166 'liban

79 2217 103 2250 e.
118 2197 150 2252 51
161 2237 170 2265 ‚
182 2212 232 2250 etc.
248 2200 317 2249 [lino
334 2199 423 2250 statim
432 2195 551 2247 concidit
566 2195 698 2248 dubitatio
715 2196 783 2248 Phil.
799 2215 813 2246 a
828 2196 912 2248 Turre
928 2193 1064 2265 (bionum.
1080 2205 1133 2246 vet.
1180 2247 1182 2258 ,

78 2282 144 2332 dut.
166 2300 193 2352 p.
208 2281 271 2350 51),
288 2281 400 2350 repetita
410 2295 430 2329 a
445 2280 612 2338 Burmauno,
632 2277 704 2350 quod
714 2276 818 2346 judiees
835 2277 896 2328 lecti
910 2279 963 2328 sint
979 2294 995 2328 u
1011 2277 1133 2328 Praetura.

78 2361 151 2412 Nam
167 2361 195 2412 id
215 2361 304 2414 liberae
320 2374 422 2412 tantum
442 2358 592 2430 reipublicae
610 2359 774 2430 temporibus
795 2359 896 2410 factum
911 2370 971 2424 stt,
987 2369 1134 2428 posteaqua

76 2441 122 2508 jus
137 2439 202 2492 illud
216 2439 250 2492 ud
264 2443 438 2510 Imperatores
453 2438 618 2490 translatum.
636 2437 744 2508 (Obiter
756 2441 833 2490 etiam
850 2440 906 2489 Jac.
925 2438 1074 2490 Gronovius
1088 2455 1132 2488 re·

79 2518 229 2587 felleudus,
250 2522 295 2590 qui
309 2517 452 2570 lectionem
467 2517 587 2587 judicum
604 2517 668 2568 olim
679 2519 829 2570 censorium
849 2535 945 2568 munus
961 2516 1041 2567 luisse
1056 2525 1134 2587 putet

80 2599 116 2651 ad
136 2603 200 2653 Tac.
222 2603 290 2653 Anu.
312 2603 362 2666 ΙΙΙ,
377 2598 437 2669 30).
457 2601 516 2650 Jam
530 2618 579 2652 uec
600 2599 668 2652 illud
688 2600 778 2669 negari
799 2611 904 2672 potest,
928 2600 1033 2650 Caesares
1053 2598 1133 2650 etism

78 2683 191 2755 Equites
204 2683 390 2754 recoquamus,
403 2695 533 2751 potestate
545 2699 577 2732 ac
588 2679 649 2733 loco
660 2683 806 2734 Censorum
816 2679 930 2743 ;diserte
942 2679 1069 2730 Suetonio
1080 2692 1134 2730 tra-

80 2761 162 2814 dente
174 2760 207 2814 de
218 2765 348 2833 Augusto,
361 2780 383 2814 c.
400 2762 447 2823 38;
459 2761 542 2830 Calig.
560 2779 584 2812 c.
602 2761 648 2822 16;
663 2762 773 2831 vespas.
786 2779 809 2812 c.
823 2777 856 2828 9,
869 2771 918 2811 etc.
936 2759 975 2809 Ac
987 2757 1020 2810 de
1030 2759 1134 2830 Equiti-

79 2838 130 2892 bus
145 2839 251 2916 quidem
265 2842 371 2912 proprie
384 2837 507 2891 centurie
520 2838 646 2890 dicuntur
658 2840 803 2910 antiquiori
813 2839 970 2889 Lutinitnte=
986 2835 1033 2889 sed
1045 2849 1133 2888 tamen

79 2921 163 2971 etiam
176 2931 265 2972 tunnre
278 2919 356 2991 (Aug.
369 2917 386 2970 l.
400 2915 452 2990 c),
464 2932 491 2972 ct
501 2918 612 2970 decuriae
622 2919 695 2988 apud
705 2917 841 2985 Tacitum,
859 2919 928 2968 Anu.
943 2918 992 2983 ΙΙΙ,
1006 2917 1049 2969 30.
1064 2917 1134 2968 Nam

79 2998 117 3049 ibi
141 2999 175 3051 de
194 3002 319 3070 Equitum
337 3017 463 3065 recensu,
483 3017 537 3050 non
553 2997 691 3068 judicum,
711 3017 861 3050 sermonem
887 3016 944 3049 esse
964 2994 1025 3047 iude
1044 3008 1135 3068 putet,

80 3077 157 3148 quod
171 3080 192 3130 is
206 3078 331 3129 tribuitur
343 3080 462 3148 privato:
476 3077 577 3128 nullum
592 3090 680 3128 autem
693 3075 781 3128 locum
796 3077 909 3148 proferri
920 3094 1001 3148 posse
1011 3072 1135 3142 arbitror,

79 3155 128 3208 ubi
142 3156 255 3208 decuriae
264 3156 386 3226 judicum
402 3158 532 3227 uprivato
545 3158 685 3224 recognitae
703 3156 831 3208 dicantur.
849 3156 926 3210 Unde
942 3156 988 3222 lit,
1006 3168 1036 3206 ut
1053 3153 1134 3206 verba

78 3237 157 3308 ipsa,
169 3236 279 3287 decuriae
288 3237 432 3308 Equitum,
444 3237 471 3285 in
485 3253 512 3286 se
523 3232 624 3284 nullum
637 3249 821 3304 argumentum
833 3237 859 3286 in
878 3249 1018 3305 utramque
1031 3246 1134 3304 partem

80 3318 261 3390 suppeditent.
286 3319 354 3369 Nam
378 3319 399 3368 si
421 3320 479 3388 quis
502 3315 581 3368 vellet
604 3315 705 3381 dicere,
729 3315 846 3369 decurias
863 3315 983 3388 judicum
1006 3315 1135 3368 dicendas

78 3399 178 3467 fuisse,
191 3400 213 3451 s'i
227 3395 259 3449 de
269 3397 301 3450 iis
313 3403 400 3449 serino
416 3411 500 3463 esset,
513 3415 568 3451 non
580 3399 721 3470 Equitum,
739 3399 763 3450 ei
774 3399 889 3468 primum
904 3392 1058 3469 responderi
1067 3414 1133 3469 pos-

79 3487 135 3548 set,
150 3489 195 3532 aut
206 3475 277 3544 ltoc,
290 3480 350 3552 quia
362 3476 466 3549 judices
479 3475 557 3530 iidem
573 3477 681 3550 Equites
692 3477 746 3530 fere
759 3490 860 3544 esseut,
872 3475 994 3529 decurias
1007 3475 1134 3550 Equitum

79 3553 112 3610 de
121 3555 259 3632 judicibus
272 3553 324 3610 dici
334 3559 454 3630 potuisse
465 3579 473 3621 3
487 3570 532 3609 aut
544 3557 670 3630 Equitum
681 3555 791 3610 verbum
807 3546 978 3628 aglossatore
991 3551 1132 3628 adjectum.

79 3633 132 3690 sed
145 3649 240 3691 neutro
251 3657 328 3712 opus.
338 3634 443 3691 Etenim
456 3639 534 3690 etiam
544 3633 616 3710 apud
625 3635 688 3690 Tae.
699 3640 768 3690 Anu.
778 3635 854 3698 xlm
868 3654 917 3703 πο,
929 3649 994 3691 extr.
1008 3635 1134 3709 Equitum

79 3715 190 3772 decurioe
200 3719 339 3773 manifeste
352 3731 414 3772 suut
426 3717 458 3771 de
471 3712 620 3790 judicibus:
632 3719 713 3773 Am...
723 3719 837 3772 decurias
844 3715 987 3792 Equitum,
1000 3715 1135 3794 eprepium

72 3797 215 3871 judicandi
228 3819 338 3870 munus,
352 3798 513 3872 expleturos,
533 3813 585 3852 etc.
604 3797 691 3870 Ergo,
713 3815 795 3874 quum
810 3796 891 3852 verba
910 3797 968 3869 ipsa
986 3815 1043 3848 non
1061 3793 1135 3850 suffi-

80 3873 153 3931 ciant
166 3879 200 3930 ad
216 3899 270 3930 rem
285 3877 480 3946 definiendam,
496 3871 768 3952 aliud‘reperiendum
783 3889 835 3946 est,
851 3870 923 3930 uude
937 3873 1024 3928 dirimi
1040 3891 1135 3930 caussa

80 3960 175 4028 possit.
186 3957 303 4012 Primum
316 3979 380 4032 ergo
393 3971 577 4032 argumentum
588 3977 640 4032 pro
655 3971 747 4012 nostra
760 3953 894 4011 sententia
905 3953 1011 4009 ducitur
1025 3949 1135 4008 everbo

80 4039 225 4112 supplerit,
244 4037 364 4116 quotide
378 4037 478 4096 Senatu
490 4049 516 4094 et
526 4035 662 4112 judicibus
679 4039 732 4093 dici
744 4037 826 4108 solet,
844 4055 902 4091 non
922 4035 956 4089 de
974 4035 1135 4110 Equitihus,

81 4135 197 4192 quorum
213 4134 300 4174 certus
314 4139 440 4176 numerus
456 4134 511 4174 tum
525 4141 580 4174 non
596 4121 663 4189 fuit,
679 4131 710 4174 ut
722 4115 834 4174 mortuis
850 4111 908 4171 aliis
922 4115 985 4171 novi
1002 4109 1134 4190 allegendi

82 4197 188 4253 fuerint.
203 4199 234 4256 ln
251 4199 377 4276 Equitum
400 4202 582 4276 recognitione
595 4197 648 4253 hoc
668 4201 782 4255 maxime
801 4209 952 4274 spectatur,
972 4207 1063 4250 utrum
1080 4214 1133 4249 ser·-

83 4273 184 4334 vandus
199 4279 310 4354 quisque
324 4283 351 4334 in
369 4281 462 4335 ordine
478 4285 528 4348 sit,
545 4299 577 4334 an
596 4279 751 4336 movendus.
765 4277 858 4352 ltaque
870 4299 921 4333 ueo
935 4273 1018 4352 olleqi
1027 4275 1135 4351 Equites
