3036 5128
377 481 420 562 ot
747 479 784 542 C.
810 477 1043 544 SUETONll

377 631 459 703 que,
475 631 515 675 ac
530 609 708 674 novissime
722 627 836 697 pugna
850 603 955 674 divisa
970 609 1006 673 in
1020 605 1104 674 duas
1118 609 1223 691 acies3
1242 609 1411 702 quingenis

376 717 558 812 peditibus,
578 714 764 808 elephantis
784 717 927 800 vicenis,
950 718 1085 784 tricenis
1104 716 1270 811 equitibus
1290 715 1368 784 hinc
1383 733 1413 784 et

376 828 454 896 inde
473 829 668 896 commissis.
691 830 776 892 Nam
795 851 863 922 quo
884 825 991 894 laxius
1010 824 1240 910 dimicaretur,
1260 825 1412 894 sublate⁹

378 957 491 1023 metae,
506 942 607 1033 inque
622 962 737 1005 earum
750 936 863 1005 locum
876 939 955 1006 bina
969 954 1078 1006 castra
1089 963 1131 1006 ex
1144 938 1286 1036 adverso
1301 941 1414 1021 consti·

377 1067 450 1117 tuta
463 1066 568 1118 erant.
588 1047 777 1132 '⁰Athletae,
792 1046 899 1116 stadio
913 1047 956 1115 ad
971 1066 1104 1141 tempus
1119 1065 1309 1132 emuncto,
1323 1051 1356 1116 in
1369 1073 1414 1116 re·

378 1165 476 1253 gione
491 1162 600 1229 Martii
617 1163 726 1252 campi
742 1176 956 1228 cenaverunt
965 1184 1026 1252 per
1038 1157 1198 1228 triduum.
1212 1159 1329 1228 Navali
1342 1183 1415 1252 prae

362 1269 438 1353 ‘lio‚
453 1273 489 1336 in
506 1273 664 1337 ¹¹minore
676 1267 800 1336 Codeta
812 1269 944 1340 defosso
957 1269 1048 1355 lacu,
1062 1270 1206 1338 biremes
1217 1295 1257 1338 ac
1268 1274 1413 1338 triremes

379 1381 675 1478 quadriremesque
685 1385 797 1475 Tyriae
812 1397 846 1448 et
857 1386 1018 1478 AEgyptiae
1030 1383 1145 1452 classis
1162 1408 1285 1476 magno
1298 1405 1415 1476 pugna-

379 1509 491 1560 torum
509 1515 651 1560 numero
670 1491 903 1560 conflixerunt.
925 1491 976 1559 ld
997 1516 1073 1587 quae
1096 1495 1208 1560 omnia
1231 1490 1414 1585 spectacula

377 1619 508 1671 tantum
522 1601 672 1698 undique
688 1602 849 1670 confluxit
862 1601 1053 1688 hominum,
1066 1619 1104 1670 ut
1116 1603 1268 1698 plerique
1283 1602 1414 1670 advenae

378 1731 436 1782 aut
451 1717 537 1781 inter
550 1717 660 1796 vicos,
674 1730 734 1780 aut
748 1716 834 1780 inter
847 1716 917 1781 vias
935 1711 1157 1780 tabernaculis
1173 1716 1291 1806 positis
1309 1736 1414 1780 mnne·

378 1842 471 1906 rent;
489 1848 527 1891 ao
540 1848 629 1916 saepe
645 1848 715 1916 prae
729 1824 829 1891 turba
844 1824 916 1892 elisi
932 1827 1176 1919 exanimatique
1191 1827 1258 1891 sint
1270 1821 1414 1916 plurimi,

379 1951 414 2002 et
428 1938 463 2001 in
477 1933 529 2000 his
543 1931 612 1998 dno
627 1935 812 2001 Senatores.
1396 2001 1398 2004 .

425 2047 492 2111 XL.
519 2047 708 2111 Conversus
729 2041 808 2110 hinc
826 2040 868 2110 ad
887 2041 1112 2130 ordinandum
1132 2043 1341 2136 Reipublicae
1358 2061 1416 2111 sta·

378 2174 469 2235 tum,
479 2153 599 2220 iustos¹
613 2157 772 2236 correxit,
781 2151 994 2247 jampridem
1003 2157 1082 2221 vitio
1095 2152 1295 2222 Pontificum
1304 2177 1364 2247 per
1372 2156 1415 2220 in·

379 2357 424 2412 illo
435 2370 554 2428 tempore
564 2358 675 2409 Romani
684 2355 879 2431 cameloparda·
923 2356 1018 2428 (Thea.
1030 2371 1097 2411 torn.
1108 2360 1155 2423 IV,
1167 2375 1229 2429 pag.
1246 2355 1417 2429 litai-De

378 2437 433 2491 lum
447 2436 576 2489 viderunt.
923 2436 1058 2490 navalibus
1068 2435 1181 2507 pretiis,
1193 2434 1371 2502 naumachiis,
1386 2435 1417 2486 el.

414 2534 439 2586 9.
459 2516 571 2570 Sublata
582 2527 670 2580 metm
681 2517 737 2569 scil.
750 2536 810 2569 curn
823 2530 879 2570 tota
924 2517 1032 2566 omnino
1044 2517 1152 2568 Panvin.
1161 2514 1181 2566 l.
1192 2535 1216 2566 o.
1228 2515 1265 2580 Il,
1281 2531 1325 2582 ιι,
1334 2534 1360 2586 p.
1372 2513 1418 2579 430
1434 2515 1435 2520 ’

379 2595 447 2649 Circi
454 2597 544 2668 apina,
554 2599 629 2667 cujus
637 2597 664 2647 in
673 2595 879 2649 extremitatibus
923 2612 978 2665 seq.
987 2596 1109 2648 Ceterum
1121 2593 1147 2646 b.
1158 2593 1176 2646 l.
1191 2594 1299 2665 Tyriam
1311 2604 1337 2646 et
1344 2595 1420 2666 Egy-

379 2690 454 2728 metae
468 2688 551 2726 erant.
920 2674 1005 2746 ptiam
1019 2673 1130 2726 classem
1144 2671 1261 2743 intellige
1275 2671 1312 2725 ad
1326 2689 1418 2725 morem

418 2772 457 2806 ιο.
476 2753 590 2806 Athletae
594 2776 604 2815 ‚-
619 2755 666 2826 qui
681 2753 745 2806 alias
759 2755 787 2806 in
801 2754 877 2806 Circo
921 2753 1062 2824 Tyriorum
1073 2764 1098 2803 et
1110 2753 1293 2823 AEggptiorum
1303 2753 1420 2805 armisri·

378 2852 481 2905 pugnas
490 2831 616 2898 edebant,
626 2852 697 2885 nunc
706 2832 879 2886 aliisludicria
922 2832 1010 2902 risque
1026 2831 1193 2883 instructam.
1209 2832 1249 2882 lta
1263 2829 1360 2883 Claud.
1375 2848 1420 2883 at:

379 2923 519 2980 occupato.
529 2909 596 2961 Vide
606 2912 715 2962 Panvin.
724 2909 742 2961 l.
754 2930 777 2963 c.
789 2930 815 2981 p.
827 2911 877 2981 278
925 2908 998 2962 ehoe
1017 2909 1170 2981 spectaculo
1189 2908 1277 2962 elassis
1297 2910 1384 2964 Sicula
1396 2923 1420 2961 et

379 3008 450 3061 seq,
460 2990 506 3060 qui
514 3006 575 3060 pag.
584 2989 649 3041 285:
663 3011 674 3034 ι
685 3003 711 3041 et
718 3007 878 3062 quamquam
922 2987 1026 3041 Rhodia
1038 3001 1237 3042 concurrerunt.
1249 3013 1260 3038 ι

378 3068 536 3122 athletarum
543 3069 650 3119 nornine
657 3086 762 3134 omnes,
770 3069 816 3139 qui
823 3087 880 3120 cor·
958 3067 1012 3120 XL.
1023 3086 1044 3121 r.
1054 3069 1267 3129 Fastorcorreaiu
1275 3067 1308 3121 Δ.
1318 3073 1351 3123 U.
1359 3067 1420 3139 708,

377 3147 489 3220 poribus
504 3148 557 3198 suia
570 3147 661 3217 quavis
676 3149 778 3206 ratione
789 3146 879 3199 decer·
925 3165 1005 3218 quum
1014 3150 1135 3200 Dictator
1148 3160 1216 3200 estet
1225 3148 1273 3214 lll,
1286 3163 1314 3200 et
1325 3145 1421 3201 Consul

379 3238 479 3291 tarent,
500 3221 572 3295 apud
590 3223 694 3276 Graecae
714 3224 878 3294 dicerentur,
923 3228 974 3295 ill,
986 3246 1045 3280 cum
1058 3227 1095 3280 M.
1108 3226 1209 3300 Lepido
1218 3227 1345 3300 Equitum
1356 3230 1420 3298 Mag.

378 3317 467 3357 temen
479 3301 551 3374 apud
560 3303 693 3354 Romanos
704 3300 807 3354 athletae
817 3320 879 3372 pro·
923 3305 1003 3357 Cone.
1016 3307 1063 3368 lll;
1077 3307 1124 3377 qui
1136 3324 1221 3358 annus
1230 3304 1319 3359 dictus
1331 3319 1371 3359 est
1381 3323 1422 3358 aa·

377 3385 436 3456 prie
447 3395 550 3434 tantum
561 3380 726 3433 vocabantur
737 3379 842 3455 Pupiles
853 3394 879 3433 et
923 3403 971 3438 nus
983 3384 1155 3455 confusionis,
1168 3399 1197 3437 ut
1206 3403 1320 3456 sequena
1327 3387 1423 3459 primia

378 3463 539 3522 luctatorem
549 3473 635 3512 cetera
643 3461 712 3512 enim
721 3458 879 3513 athletarum
922 3464 1054 3518 Julianus.
1070 3463 1203 3517 Plutarch.
1218 3465 1283 3516 Ces.
1300 3467 1347 3536 593
1361 3467 1421 3528 Dio,

379 3542 434 3592 aive
452 3539 634 3612 gymnicorum
654 3555 750 3609 genera
771 3539 880 3609 propria
924 3543 1018 3609 XLlll,
1034 3543 1082 3606 26;
1099 3544 1213 3615 Appian.
1229 3542 1293 3595 Bell.
1311 3545 1367 3598 Civ.
1385 3546 1422 3610 ll,

378 3620 487 3672 nornine
509 3615 660 3682 habebant,
683 3629 713 3668 ιιι
735 3615 880 3683 Cursores,
928 3621 1031 3690 ¹⁵4-
1042 3623 1114 3677 Vitio
1123 3621 1294 3695 Pontificum,
1309 3637 1359 3676 ete.
1370 3625 1421 3676 cte.

379 3693 880 3767 Saltatoree,Gladiatores,etaliiejas·
924 3700 957 3754 de
968 3701 1030 3772 Leg.
1043 3705 1078 3766 11,
1093 3718 1136 3754 ιιι
1150 3701 1312 3772 «diligenter
1321 3703 1422 3756 haben-

380 3779 481 3832 modi...
499 3807 536 3818 ·-
550 3777 602 3829 Alii
619 3777 834 3848 praepositionem
850 3777 878 3828 ιἰι
924 3781 958 3833 da
972 3784 1039 3834 ratio
1054 3795 1079 3833 et
1093 3779 1266 3834 intercalandi
1280 3797 1336 3850 est,
1352 3780 1423 3855 quod

380 3872 441 3911 ante
456 3858 559 3933 regione
573 3858 705 3909 omittunt.
923 3860 1072 3912 institutum
1090 3861 1173 3931 perite
1189 3878 1204 3910 a
1218 3862 1320 3928 Numa,
1333 3874 1422 3932 poete·

418 3955 458 3992 ιι.
478 3940 511 3990 ln
523 3939 624 3990 minore
634 3937 736 3990 Codeta.
747 3939 839 4006 lnepte
850 3934 879 3986 li·
924 3939 1024 3988 riorum
1035 3937 1190 3990 Pontificum
1203 3937 1365 4010 negligentia
1373 3939 1422 3991 ‹tis-

380 4016 419 4069 bri
432 4016 494 4083 alii,
505 4018 533 4068 in
545 4037 641 4071 morem
654 4015 772 4069 cochlea.
785 4014 879 4068 Codeta
924 4016 1039 4070 solutum
1054 4031 1125 4070 est.»
1141 4016 1260 4069 Macrob.
1275 4019 1383 4072 Satura.
1398 4021 1423 4084 l,

381 4110 437 4150 erat
456 4115 518 4167 ager
535 4109 606 4150 trans
622 4097 755 4162 Tiberim,
774 4094 807 4147 de
826 4113 879 4166 quo
927 4098 971 4164 td:
987 4114 1199 4168 :nonnunquam
1209 4099 1377 4168 pergratiam
1387 4114 1424 4166 aa·

380 4175 440 4228 ride
460 4173 569 4229 Nardin.
589 4179 672 4229 Roma
686 4177 745 4228 Vet.
765 4176 826 4242 Vll,
848 4191 875 4226 ιι
924 4174 1075 4242 cerdotum,
1088 4177 1132 4248 qui
1146 4173 1297 4246 publicanis
1311 4175 1424 4249 proferri
