3036 5124
402 527 651 596 EXCURSUS
675 527 741 607 IV,
766 531 806 592 V.
1061 529 1126 613 465

371 753 721 854 EXCURSUS
757 757 828 856 IV

279 920 385 1080 ¹tn
412 977 685 1067 cnstasu,
714 978 800 1049 co.
830 972 890 1064 ts.
955 1045 959 1054 ,

979 851 991 884 t

552 1212 657 1228 η

82 1351 256 1450 Turnum
268 1405 294 1447 et
306 1393 405 1448 sestilio
416 1394 578 1466 pavimenta.
594 1393 788 1466 beringerus,
799 1393 846 1446 Vir
857 1393 1041 1464 doctissimus,
1056 1416 1072 1451 e
1085 1399 1133 1452 vi-

81 1477 158 1528 truvii
167 1477 230 1542 vll,
243 1491 270 1540 t,
287 1472 410 1540 ostendit,
421 1492 452 1525 ea
464 1492 519 1526 nou
528 1474 579 1527 uisi
591 1471 768 1526 crustularum
780 1471 877 1545 ligura,
893 1475 1016 1528 distincta
1032 1477 1129 1532 luisse:

81 1556 207 1612 aarum
221 1557 302 1608 fuisse
320 1567 419 1609 structa
439 1555 593 1627 quadratis:
608 1555 709 1608 sectilia
727 1567 816 1608 autem
834 1551 1131 1630 variarum'ligurarum

80 1637 210 1690 crustulis.
222 1636 386 1708 ebenoque
401 1643 490 1689 aut‘em
502 1639 633 1689 musivum
644 1653 711 1707 opus
724 1633 877 1707 distinguit,
888 1637 969 1711 idque
981 1659 1129 1714 numquam
1184 1701 1186 1705 ,

79 1721 106 1771 in
120 1720 290 1791 pavimentis,
302 1717 387 1769 sedin
403 1719 525 1782 carueris,
539 1730 695 1790 usurpatum
705 1714 778 1768 dicit.
787 1716 826 1768 De
839 1717 977 1772 tessellatis
990 1732 1016 1772 et
1030 1721 1130 1774 sectili·

79 1797 129 1851 bus
144 1799 287 1870 adjuvatur
304 1795 456 1849 nominibus
471 1798 545 1868 ipsis.
566 1798 634 1848 Nam
654 1810 757 1848 tessere
776 1795 880 1847 lusoris·
899 1811 960 1850 sunt
979 1799 1129 1870 quadratur,

79 1895 223 1950 eurumque
237 1877 351 1948 angulos
363 1878 428 1929 lacit
439 1878 573 1929 Vitruvius
588 1894 681 1928 omues
696 1875 818 1947 equales.
833 1875 972 1928 Sectilibus
985 1891 1074 1930 autem
1085 1881 1132 1933 Vi-

80 1961 180 2010 truvius
192 1959 314 2010 attribuit
327 1961 447 2028 trigona,
462 1956 607 2024 rhombos,
619 1951 767 2028 hexagona.
779 1953 832 2006 Sed
843 1955 924 2008 multa
937 1972 1027 2010 tamen
1038 1972 1130 2012 contra

80 2036 131 2090 diui
140 2048 264 2110 possunt.
274 2040 305 2090 V.
317 2055 342 2108 g.
358 2035 490 2089 tesserulae
500 2050 563 2088 suut
574 2038 601 2087 in
614 2054 695 2108 opere
707 2033 895 2102 vermiculato,
907 2048 937 2087 ut
948 2049 1021 2107 patet
1030 2056 1045 2089 e
1054 2056 1131 2090 versu

78 2120 156 2172 Ennii
171 2116 241 2190 apud
256 2116 311 2170 cic.
329 2120 375 2172 Or.
391 2119 442 2183 111,
457 2117 500 2183 43.
517 2115 568 2168 sed
586 2117 614 2167 in
628 2111 800 2168 vermiculato
816 2133 897 2188 opere
914 2128 976 2167 sunt
992 2116 1091 2188 effigies
1105 2130 1133 2171 et

79 2196 232 2250 animalium
242 2218 249 2261 3
264 2196 331 2249 Plin.
342 2197 450 2262 XXXV,
466 2213 488 2247 t.
501 2199 597 2268 Eaeque
609 2209 712 2248 tesserae
723 2209 785 2267 post
797 2193 847 2246 sub
857 2194 970 2248 Claudio
985 2198 1065 2248 etlam
1075 2216 1130 2251 coe-

78 2295 140 2350 pere
148 2279 222 2350 pingi
232 2277 312 2346 (Pliu.
324 2278 341 2330 l.
351 2297 374 2330 e.
387 2276 467 2329 modo
480 2277 527 2330 sile
540 2277 733 2349 marmoroso),
745 2274 881 2346 (xxxin,
893 2275 1044 2347 12),modo
1055 2279 1130 2331 sinu-

78 2356 141 2429 pide
160 2357 280 2428 (XXXV,
297 2359 344 2425 6),
367 2360 446 2410 stiam
463 2375 580 2430 purpura
595 2355 669 2428 (ibid.
682 2355 716 2428 7).
729 2355 939 2407 Vermiculatum
955 2375 1023 2429 opus
1040 2370 1129 2410 autem
1163 2364 1164 2367 ’

79 2435 141 2490 uliru
155 2439 337 2510 pavimentum
349 2439 416 2504 luit,
431 2437 502 2490 uude
514 2441 593 2490 etiam
604 2435 675 2509 apud
691 2437 787 2486 Murat.
803 2437 884 2489 lusor.
899 2449 961 2506 tom.
976 2438 1002 2505 1,
1015 2456 1042 2508 p.
1058 2437 1127 2506 314,

79 2533 111 2586 a,
121 2517 290 2570 vermiculum
301 2528 461 2572 struvmntt
476 2517 523 2569 sed
534 2521 560 2570 iu
571 2518 685 2588 parietes
698 2528 758 2586 post
769 2514 888 2586 migravit
898 2513 974 2584 (Plio.
987 2515 1007 2568 l.'
1019 2517 1070 2589 o),
1087 2517 1129 2569 id-

79 2615 130 2670 que
143 2595 309 2650 hauddubie
322 2612 361 2650 est
373 2616 441 2669 opus
454 2599 596 2651 musivum.
607 2593 751 2668 AEqualitas
763 2606 852 2648 autem
863 2594 1033 2668 angulorum,
1049 2615 1130 2670 quatu

78 2680 106 2730 iu
120 2677 232 2732 tessellis
251 2681 360 2750 requirit
377 2679 529 2746 Vitruvius,
548 2697 601 2730 non
621 2677 709 2730 statim
724 2677 810 2745 arguit
830 2677 940 2748 liguram
956 2675 1129 2749 quadratam:

78 2775 140 2810 uam
159 2759 423 2830 etiamtrigonorum
438 2771 464 2810 et
480 2758 678 2830 hexagonorum
694 2755 809 2827 aequales
827 2756 916 2826 anguli
935 2774 992 2810 esse
1006 2771 1127 2828 possunt¹

77 2837 188 2910 ltaque,
207 2849 238 2888 ut
250 2855 321 2888 nune
338 2837 444 2910 quidem
460 2851 515 2903 est,
534 2855 629 2891 maneo
648 2837 676 2887 in
693 2837 830 2888 Graeriaua
849 2837 987 2889 sententia.
1007 2836 1129 2890 Ceterum

78 2914 149 2968 idem
162 2917 339 2988 Breitingerus
351 2931 422 2971 rante
434 2932 524 2970 monet
537 2937 563 2989 p.
577 2917 630 2983 62,
646 2917 695 2968 ista
710 2917 861 2989 pavimenta
874 2915 1030 2968 circumlata
1043 2934 1100 2969 esse
1113 2935 1131 2969 s

78 2994 200 3063 (lesere,
218 3009 249 3048 ut
261 2993 323 3048 iude
340 3009 367 3048 et
379 3000 503 3068 praetoria
520 3009 707 3064 sternerentur,
721 3009 747 3048 et
761 2992 855 3048 fierent
867 2994 1017 3048 lithostrota
1033 2995 1067 3060 ad
1080 2996 1130 3048 tri·

78 3074 205 3142 bunalia‚
222 3075 300 3149 quale
316 3090 478 3130 memoratur
490 3077 564 3150 apud
580 3078 613 3129 D.
627 3079 777 3141 loannem,
788 3078 867 3144 xlx,
883 3077 915 3140 33
930 3076 1046 3150 Appian.
1065 3075 1128 3148 llell.

79 3154 135 3210 (liv.
150 3158 203 3223 111,
215 3176 278 3230 pag.
294 3157 352 3228 173.

79 3347 709 3374 mmmmm
1098 3356 1128 3374 Ἀ

386 3499 734 3604 EXCURSUS
769 3505 814 3600 V

299 3707 368 3779 tn
394 3707 704 3795 tuousrutu,
733 3709 817 3780 etr.
848 3707 906 3778 31.

551 3924 658 3944 .-

78 4051 209 4140 Pom
222 4105 326 4160 quoque
336 4098 464 4153 smmum,
472 4097 561 4140 eontra
571 4085 667 4140 theatri
675 4090 730 4161 ejus
737 4087 848 4162 rapiam,
859 4099 909 4142 etc.
920 4085 1028 4162 llsqium
1037 4085 1133 4142 theatri

80 4167 238 4238 Pompeiani
252 4186 334 4239 quam
348 4167 419 4220 dieat
433 4166 590 4234 Suetonius,
609 4184 664 4230 uon
679 4167 802 4220 convenit
815 4167 883 4217 inter
897 4166 1064 4238 Interpretes.
1082 4171 1133 4222 Re-

83 4258 129 4298 cte
140 4247 231 4319 rejecit
242 4246 417 4302 Casaubunus
428 4246 561 4306 Torrentii
573 4248 746 4316 seutentiam,
758 4247 803 4319 qui
812 4245 1036 4319 interpretabatur
1046 4251 1134 4320 ipsum

178 4339 207 4404 I.
946 4338 989 4406 30
