3036 5124
366 505 432 590 416
737 508 773 571 c.
799 507 1032 574 sunrouu

364 635 423 727 qni
441 631 615 700 dimissam
628 655 704 700 eam
720 653 739 699 e
757 636 973 702 matrimonio
986 649 1064 727 post
1076 635 1276 704 vicesimum
1288 657 1412 702 annuns

364 748 486 815 veneni
504 743 585 813 olim
602 746 638 812 in
651 767 688 812 se
706 749 891 838 comparati
909 743 1091 838 arguebat:
1112 761 1277 838 praeterea
1295 745 1414 814 Gallia-

363 879 442 924 rum
456 872 489 923 et
505 855 763 948 Hispaniarum,
778 857 950 951 Syriaeque
961 872 996 924 et
1008 858 1147 925 Groecioe
1158 860 1334 951 principes
1345 881 1415 927 oon

364 965 498 1034 liscatos
507 965 552 1034 ob
563 981 633 1033 tarn
642 964 716 1033 leve
728 981 836 1034 ettam
846 964 1026 1060 impudens
1036 965 1285 1036 calumniarum
1297 990 1414 1060 genus,

364 1093 404 1143 ut
417 1074 621 1172 quibusdam
636 1099 707 1144 non
725 1075 819 1144 aliud
833 1080 878 1146 sit
892 1073 1080 1172 objectum,
1094 1076 1218 1173 qusm³
1233 1077 1332 1173 quod
1349 1103 1417 1172 par-

365 1203 434 1254 tem
444 1189 494 1255 rei
504 1185 679 1254 familiaris
691 1189 727 1255 in
740 1189 886 1281 pecunia
897 1187 1078 1256 baberent:
1093 1188 1248 1283 plurimis
1261 1191 1366 1257 etiam
1376 1192 1417 1256 ci·

364 1295 524 1366 vitatibus
538 1315 572 1366 ct
583 1300 722 1392 privatis
733 1315 864 1368 veteres
879 1302 1123 1383 immunitates,
1136 1317 1170 1368 et
1177 1298 1257 1394 jus⁴
1270 1300 1419 1370 metallo

366 1432 444 1476 rum
463 1431 504 1477 ac
524 1409 738 1502 vectigalium
758 1410 911 1495 ademta;
932 1408 1011 1479 sed⁵
1033 1427 1067 1479 et
1086 1417 1286 1496 Vononem,
1308 1437 1419 1506 regem

366 1517 588 1603 Parthorum,
603 1522 662 1615 qui
677 1519 798 1613 pulsus
809 1544 830 1587 a
844 1524 933 1604 suis,
949 1523 1046 1616 quasi
1058 1523 1093 1589 iu
1111 1519 1213 1590 iidem
1224 1522 1351 1617 populi
1363 1529 1421 1590 Ro

366 1633 458 1700 mani
476 1656 555 1700 cum
570 1635 698 1724 ingenti
717 1656 798 1724 gaza
815 1633 1025 1702 Antiochiam
1041 1656 1078 1702 se
1094 1651 1286 1728 receperat,
1303 1634 1423 1729 spolia

366 1759 440 1812 tssm
453 1742 612 1838 perfidia,
627 1760 660 1812 et
672 1745 831 1814 occisum.

413 1859 452 1922 1..
478 1852 603 1922 Odium
621 1853 784 1922 adversus
804 1853 1068 1924 necessitudines
1086 1860 1122 1923 in
1142 1860 1256 1924 Dmso
1273 1857 1424 1948 primum

367 1967 469 2034 fratre
487 1963 632 2049 detexit,
652 1965 786 2060 prodita
799 1965 872 2060 ejus
890 1966 1050 2060 epistola,
1066 1992 1135 2063 qua
1155 1992 1274 2036 sectam
1292 1965 1352 2034 de'
1374 1991 1424 2034 oo·

368 2072 477 2170 gendo
487 2073 531 2141 ad
540 2075 982 2146 restituendamlibertatem
992 2078 1291 2170 Augustoagebat;
1303 2077 1423 2145 deinde

367 2315 505 2372 Gltsldeos
521 2321 549 2371 iu
562 2319 671 2372 domum
685 2319 809 2383 Cesariu
824 2319 873 2374 de·
919 2340 978 2374 rum
986 2319 1104 2374 studium
1110 2320 1248 2392 objectum
1258 2315 1422 2372 esseststnit

368 2400 494 2453 iendeute
510 2419 582 2453 mam
598 2401 689 2454 ldsnio
702 2401 804 2474 lepido
819 2402 874 2454 ira·
954 2397 979 2465 d.
998 2399 1048 2451 Jus
1060 2395 1373 2463 metullummaurum,
1386 2415 1424 2447 sr·
1516 2399 1517 2404 ’

368 2491 418 2532 tre.
436 2479 586 2546 Quirinus,
602 2493 664 2552 post
677 2477 778 2532 dietum
793 2499 874 2552 repu-
918 2492 1044 2548 gentum,
1062 2497 1076 2528 e
1092 2490 1161 2530 terra
1178 2475 1304 2528 eruendi.
1320 2478 1359 2527 lts
1373 2477 1424 2526 iere

368 2557 875 2634 diumsdbucinleusus,quamvisin-
917 2557 1004 2610 Tacit.
1026 2556 1120 2610 Annal.
1143 2557 1196 2622 vt,
1221 2573 1271 2626 19,
1295 2555 1346 2607 ubi
1369 2555 1424 2608 Su.

367 2637 433 2689 fami
448 2655 480 2690 sc
491 2639 601 2690 nocenti
616 2640 813 2692 miserationem
830 2635 875 2692 ed·
917 2635 1243 2707 Matium,llispauisrnm
1250 2634 1425 2700 ditissimum,

368 2713 479 2769 diderat.
490 2740 502 2765 s
518 2718 596 2789 Aqua
607 2729 687 2789 atque
699 2720 755 2789 igni
766 2716 875 2770 interdi-
916 2734 980 2768 saxo
992 2715 1108 2787 Tsrpeio
1120 2714 1255 2786 dejectum
1264 2713 1348 2766 dixit:
1362 2735 1375 2759 ι
1384 2729 1427 2776 sc,

368 2799 501 2865 esuriei,
522 2812 613 2850 namet
633 2816 692 2870 cap.
708 2799 750 2851 23.
773 2797 873 2852 Consul
918 2813 951 2846 ne
970 2791 1082 2846 dubium
1100 2791 1247 2846 haberetur
1264 2789 1428 2863 magnitudi-

368 2879 457 2932 fuerst
473 2880 502 2930 1¹.
520 2878 653 2952 Sulpicius
667 2881 796 2948 Quirinus
809 2899 873 2933 ann.
918 2891 979 2926 nens
992 2873 1113 2946 pecunie
1126 2871 1198 2924 malo
1209 2873 1340 2936 vertisse,
1353 2889 1428 2922 aure·

369 2955 507 3026 742,cum
516 2959 555 3011 M.
564 2957 670 3012 Valerio
679 2957 802 3012 Messala.
813 2959 873 3028 Dio,
919 2953 971 3006 rius
985 2957 1055 3026 ejus,
1075 2969 1238 3024 quamquam
1252 2949 1428 3022 publicaren-

367 3037 438 3104 Ltv,
452 3037 494 3090 nd.
918 3046 976 3101 tur,
989 3033 1092 3085 sibimet
1103 3031 1221 3085 Tiberius
1233 3030 1360 3102 seposuit.
1372 3053 1384 3076 ι

404 3117 429 3169 3.
451 3117 538 3187 Quam
549 3115 620 3190 quod
628 3127 744 3189 purtem.
755 3153 779 3168 ..
797 3117 873 3170 labe-
955 3110 981 3164 5.
991 3109 1077 3165 Sedet
1086 3109 1238 3176 Vononem,
1247 3121 1300 3160 etc.
1312 3109 1431 3158 Hicl’ar-

368 3206 433 3246 rent.
448 3195 578 3248 Referunt
589 3194 623 3248 ad
634 3194 719 3268 legens
732 3197 873 3250 Dictatoris
919 3189 981 3244 tbi*
997 3209 1079 3263 regno
1096 3187 1130 3241 ab
1146 3187 1285 3241 brubno
1302 3187 1429 3260 expulsu!

368 3273 493 3342 Caesaris,
512 3292 566 3345 qua
586 3275 640 3326 «de
658 3275 736 3328 modo
755 3275 875 3330 credendi
919 3289 982 3323 anu.
992 3269 1043 3340 769
1053 3271 1081 3320 in
1090 3269 1244 3320 Armeniam
1254 3268 1430 3339 confugerat,

366 3352 566 3427 possidendique
584 3353 655 3407 iutra
673 3352 820 3422 lutiam„
844 3365 874 3406 ut
920 3349 967 3403 sed
980 3349 1135 3403 induetiam
1146 3362 1210 3422 post
1223 3347 1431 3418 breveregnusu

367 3434 453 3486 Tacit.
466 3429 562 3486 Annal.
572 3431 622 3500 vt,
637 3431 872 3502 16,v01,urui0,
921 3449 983 3484 anu.
1006 3447 1054 3500 77¹
1079 3427 1310 3500 Pompeiopolim,
1332 3427 1431 3481 Cilicia

367 3511 442 3579 XLI,
457 3511 509 3578 38,
521 3507 615 3576 pullu
628 3509 705 3565 rusios
719 3527 875 3578 πιπωοχι·
919 3509 1079 3563 maritimam
1090 3507 1200 3573 urbem,
1214 3519 1323 3560 amotus
1333 3508 1431 3559 iuerat.

368 3589 421 3644 sies
439 3588 480 3642 sei
496 3589 583 3660 poples
602 3591 717 3660 θμχμῦι
732 3587 755 3643 s's
771 3589 873 3660 sippvpiqs
919 3590 1006 3642 Tacit.
1023 3587 1119 3640 Annal.
1138 3589 1161 3640 ll
1182 3589 1239 3640 init.
1258 3579 1285 3640 et
1302 3607 1366 3659 esp.
1389 3587 1431 3640 58.

368 3667 382 3721 l
391 3667 431 3721 ui
439 3669 531 3740 „vap
538 3667 683 3734 nesio-ies,
693 3683 800 3723 cautum
809 3683 873 3724 erat.
920 3668 983 3722 lude
997 3687 1079 3740 quum
1092 3669 1185 3740 fugam
1194 3681 1341 3734 tentasset,
1351 3671 1433 3720 inter-

368 3751 408 3803 ltu
418 3751 488 3822 Lips.
503 3763 530 3801 et
538 3748 643 3801 Fabric.
654 3746 688 3801 ad
699 3749 752 3800 loc.
765 3751 809 3802 cit.
823 3747 875 3802 Sed
920 3762 1005 3802 emtus
1021 3761 1062 3802 est
1077 3750 1105 3801 in
1123 3749 1236 3815 itinere,
1255 3749 1294 3800 its
1311 3746 1431 3800 utnulla

369 3825 425 3880 bec
435 3827 478 3880 lcs
490 3825 524 3882 ad
536 3825 638 3879 ltalisns
650 3839 754 3880 tantuna
768 3841 794 3880 et
803 3827 875 3880 dilli-
919 3827 1020 3879 Tiberii
1029 3825 1108 3898 eulpa
1122 3844 1182 3880 esse
1189 3826 1337 3880 rideretur.
1351 3827 1431 3881 Geni.

368 3906 493 3959 cultatem
508 3907 545 3959 rei
556 3908 682 3959 numarie
694 3925 727 3958 ex
738 3904 846 3958 condita
859 3925 874 3959 n
919 3908 1004 3959 Tacit.
1017 3925 1077 3980 cap.
1088 3905 1136 3974 68,
1148 3905 1241 3978 ibique
1252 3907 1327 3979 lips.

370 3985 563 4039 feneratoribus
579 3987 694 4058 pecunia
711 3985 873 4058 pertinebat.
955 3988 985 4039 L.
1010 4005 1031 4039 s.
1050 3987 1091 4040 De
1107 3987 1223 4059 eeqessdo
1239 3988 1275 4040 ssd
1289 3988 1434 4040 restituen-

369 4065 418 4116 llic
437 4063 470 4116 de
491 4065 688 4137 provinciarum
707 4063 874 4136 principibus
919 4064 981 4116 clam
992 4063 1137 4117 libertatem
1145 4063 1273 4139 Auqmte.
1281 4067 1433 4137 Nunquam

369 4161 464 4194 sermo.
475 4143 583 4196 Rectius
593 4145 674 4215 igitur
684 4145 787 4196 Ernest.
798 4143 830 4197 iis
842 4163 875 4197 ex
920 4143 1097 4199 dissimulasse
1106 4145 1237 4212 Drusum,
1246 4146 1395 4217 pristinum
1406 4161 1434 4196 se

371 4225 486 4293 seposita
496 4223 570 4275 dorni
578 4225 693 4295 pecunia
701 4241 874 4278 rerusuuova-
919 4222 1082 4296 Reipublicae
1109 4233 1230 4290 ststum,
1263 4223 1434 4295 quandoque
