<?xml version="1.0" encoding="UTF-8"?>
<!DOCTYPE html PUBLIC "-//W3C//DTD XHTML 1.0 Transitional//EN"
    "http://www.w3.org/TR/xhtml1/DTD/xhtml1-transitional.dtd">
<html xmlns="http://www.w3.org/1999/xhtml" xml:lang="en" lang="en">
 <head>
  <title>
</title>
<meta http-equiv="Content-Type" content="text/html;charset=utf-8" />
  <meta name='ocr-system' content='tesseract 3.04.00' />
  <meta name='ocr-capabilities' content='ocr_page ocr_carea ocr_par ocr_line ocrx_word'/>
</head>
<body>
  <div class='ocr_page' id='page_1' title='image "./csuetoniitranqu02suetgoog_0209.png"; bbox 0 0 3140 5124; ppageno 0'>
   <div class='ocr_carea' id='block_1_1' title="bbox 344 497 1164 606">
    <p class='ocr_par' dir='ltr' id='par_1_1' title="bbox 344 497 1164 606">
     <span class='ocr_line' id='line_1_1' title="bbox 344 497 1164 606; baseline 0.002 -20"><span class='ocrx_word' id='word_1_1' title='bbox 344 523 405 586; x_wconf 77' lang='grc'><strong>13</strong></span> <span class='ocrx_word' id='word_1_2' title='bbox 428 497 580 586; x_wconf 77' lang='lat' dir='ltr'><strong>vrr&#39;rru</strong></span> <span class='ocrx_word' id='word_1_3' title='bbox 604 522 640 583; x_wconf 83' lang='lat' dir='ltr'><strong>o.</strong></span> <span class='ocrx_word' id='word_1_4' title='bbox 667 521 697 583; x_wconf 85' lang='grc' dir='ltr'><strong>ι.</strong></span> <span class='ocrx_word' id='word_1_5' title='bbox 723 519 939 588; x_wconf 68' lang='lat' dir='ltr'><strong>orsitus.</strong></span> <span class='ocrx_word' id='word_1_6' title='bbox 1103 525 1164 606; x_wconf 71' lang='lat'><strong>143</strong></span> 
     </span>
    </p>
   </div>
   <div class='ocr_carea' id='block_1_2' title="bbox 109 637 1170 1704">
    <p class='ocr_par' dir='ltr' id='par_1_2' title="bbox 109 637 1170 1704">
     <span class='ocr_line' id='line_1_2' title="bbox 110 637 1165 722; baseline 0.001 -22"><span class='ocrx_word' id='word_1_7' title='bbox 110 661 168 702; x_wconf 88' lang='lat' dir='ltr'><strong>son</strong></span> <span class='ocrx_word' id='word_1_8' title='bbox 186 642 262 722; x_wconf 69' lang='lat' dir='ltr'><strong>pere</strong></span> <span class='ocrx_word' id='word_1_9' title='bbox 276 637 462 698; x_wconf 84' lang='lat' dir='ltr'><strong>reviendrait</strong></span> <span class='ocrx_word' id='word_1_10' title='bbox 476 658 529 696; x_wconf 81' lang='lat' dir='ltr'><strong>sur</strong></span> <span class='ocrx_word' id='word_1_11' title='bbox 547 637 578 698; x_wconf 93' lang='lat' dir='ltr'><strong>la</strong></span> <span class='ocrx_word' id='word_1_12' title='bbox 595 650 692 712; x_wconf 81' lang='lat' dir='ltr'><strong>terre,</strong></span> <span class='ocrx_word' id='word_1_13' title='bbox 713 637 735 696; x_wconf 93' lang='lat' dir='ltr'><strong>il</strong></span> <span class='ocrx_word' id='word_1_14' title='bbox 749 637 778 697; x_wconf 91' lang='grc'><strong>13</strong></span> <span class='ocrx_word' id='word_1_15' title='bbox 791 639 903 698; x_wconf 83' lang='lat' dir='ltr'><strong>tueroit</strong></span> <span class='ocrx_word' id='word_1_16' title='bbox 916 648 985 698; x_wconf 89' lang='lat' dir='ltr'><strong>tout</strong></span> <span class='ocrx_word' id='word_1_17' title='bbox 998 637 1036 698; x_wconf 92' lang='lat' dir='ltr'><strong>de</strong></span> <span class='ocrx_word' id='word_1_18' title='bbox 1049 639 1165 701; x_wconf 72' lang='lat' dir='ltr'><strong>meme:</strong></span> 
     </span>
     <span class='ocr_line' id='line_1_3' title="bbox 109 734 1166 820; baseline 0.002 -21"><span class='ocrx_word' id='word_1_19' title='bbox 109 755 141 799; x_wconf 87' lang='lat' dir='ltr'><strong>et</strong></span> <span class='ocrx_word' id='word_1_20' title='bbox 158 739 318 820; x_wconf 86' lang='lat' dir='ltr'><strong>quoique,</strong></span> <span class='ocrx_word' id='word_1_21' title='bbox 336 758 394 819; x_wconf 83' lang='lat' dir='ltr'><strong>par</strong></span> <span class='ocrx_word' id='word_1_22' title='bbox 407 736 437 796; x_wconf 99' lang='grc'><strong>13</strong></span> <span class='ocrx_word' id='word_1_23' title='bbox 450 736 671 796; x_wconf 83' lang='lat' dir='ltr'><strong>continuation</strong></span> <span class='ocrx_word' id='word_1_24' title='bbox 685 734 724 796; x_wconf 89' lang='lat' dir='ltr'><strong>de</strong></span> <span class='ocrx_word' id='word_1_25' title='bbox 737 734 767 796; x_wconf 87' lang='grc'><strong>13</strong></span> <span class='ocrx_word' id='word_1_26' title='bbox 781 736 945 818; x_wconf 72' lang='lat' dir='ltr'><strong>tyrannie,</strong></span> <span class='ocrx_word' id='word_1_27' title='bbox 959 750 1006 796; x_wconf 89' lang='lat' dir='ltr'><strong>cet</strong></span> <span class='ocrx_word' id='word_1_28' title='bbox 1019 739 1115 820; x_wconf 86' lang='lat' dir='ltr'><strong>esprit</strong></span> <span class='ocrx_word' id='word_1_29' title='bbox 1128 740 1166 802; x_wconf 86' lang='grc'><strong>13</strong></span> 
     </span>
     <span class='ocr_line' id='line_1_4' title="bbox 109 830 1166 918; baseline 0.001 -22"><span class='ocrx_word' id='word_1_30' title='bbox 109 837 225 896; x_wconf 73' lang='lat' dir='ltr'><strong>liberte</strong></span> <span class='ocrx_word' id='word_1_31' title='bbox 240 857 271 896; x_wconf 87' lang='grc'><strong>33</strong></span> <span class='ocrx_word' id='word_1_32' title='bbox 286 833 387 918; x_wconf 82' lang='lat' dir='ltr'><strong>perdit</strong></span> <span class='ocrx_word' id='word_1_33' title='bbox 403 854 464 917; x_wconf 86' lang='lat' dir='ltr'><strong>peu</strong></span> <span class='ocrx_word' id='word_1_34' title='bbox 480 837 499 893; x_wconf 81' lang='grc'><strong>1</strong></span> <span class='ocrx_word' id='word_1_35' title='bbox 513 854 592 916; x_wconf 84' lang='lat' dir='ltr'><strong>peu,</strong></span> <span class='ocrx_word' id='word_1_36' title='bbox 608 832 651 893; x_wconf 83' lang='lat' dir='ltr'><strong>les</strong></span> <span class='ocrx_word' id='word_1_37' title='bbox 667 830 897 914; x_wconf 70' lang='lat' dir='ltr'><strong>conjuratione,</strong></span> <span class='ocrx_word' id='word_1_38' title='bbox 917 854 957 894; x_wconf 83' lang='lat' dir='ltr'><strong>au</strong></span> <span class='ocrx_word' id='word_1_39' title='bbox 973 854 1166 898; x_wconf 86' lang='lat' dir='ltr'><strong>commence-</strong></span> 
     </span>
     <span class='ocr_line' id='line_1_5' title="bbox 110 928 1166 1014; baseline 0.001 -19"><span class='ocrx_word' id='word_1_40' title='bbox 110 948 202 996; x_wconf 78' lang='lat' dir='ltr'><strong>ment</strong></span> <span class='ocrx_word' id='word_1_41' title='bbox 221 935 264 994; x_wconf 91' lang='lat' dir='ltr'><strong>du</strong></span> <span class='ocrx_word' id='word_1_42' title='bbox 285 931 379 1014; x_wconf 66' lang='lat' dir='ltr'><strong>regne</strong></span> <span class='ocrx_word' id='word_1_43' title='bbox 396 932 575 1013; x_wconf 80' lang='lat' dir='ltr'><strong>d&#39;Auguste,</strong></span> <span class='ocrx_word' id='word_1_44' title='bbox 598 933 798 992; x_wconf 81' lang='grc'><strong>333313331333</strong></span> <span class='ocrx_word' id='word_1_45' title='bbox 817 928 968 1012; x_wconf 86' lang='lat' dir='ltr'><strong>toujours.</strong></span> <span class='ocrx_word' id='word_1_46' title='bbox 991 931 1097 995; x_wconf 65' lang='lat' dir='ltr'><strong>C’dtait</strong></span> <span class='ocrx_word' id='word_1_47' title='bbox 1122 958 1166 996; x_wconf 89' lang='lat' dir='ltr'><strong>un</strong></span> 
     </span>
     <span class='ocr_line' id='line_1_6' title="bbox 111 1029 1166 1112; baseline 0.002 -20"><span class='ocrx_word' id='word_1_48' title='bbox 111 1053 228 1094; x_wconf 85' lang='lat' dir='ltr'><strong>amour</strong></span> <span class='ocrx_word' id='word_1_49' title='bbox 239 1032 406 1112; x_wconf 85' lang='lat' dir='ltr'><strong>dominant</strong></span> <span class='ocrx_word' id='word_1_50' title='bbox 417 1051 499 1112; x_wconf 89' lang='lat' dir='ltr'><strong>pour</strong></span> <span class='ocrx_word' id='word_1_51' title='bbox 512 1029 542 1089; x_wconf 87' lang='grc'><strong>13</strong></span> <span class='ocrx_word' id='word_1_52' title='bbox 555 1030 671 1112; x_wconf 81' lang='lat' dir='ltr'><strong>patrie,</strong></span> <span class='ocrx_word' id='word_1_53' title='bbox 686 1029 758 1111; x_wconf 90' lang='lat' dir='ltr'><strong>qui,</strong></span> <span class='ocrx_word' id='word_1_54' title='bbox 775 1042 894 1090; x_wconf 74' lang='lat' dir='ltr'><strong>sonant</strong></span> <span class='ocrx_word' id='word_1_55' title='bbox 907 1029 960 1090; x_wconf 86' lang='lat' dir='ltr'><strong>des</strong></span> <span class='ocrx_word' id='word_1_56' title='bbox 972 1029 1069 1112; x_wconf 74' lang='grc'><strong>313133</strong></span> <span class='ocrx_word' id='word_1_57' title='bbox 1083 1034 1166 1094; x_wconf 88' lang='lat' dir='ltr'><strong>ordi·</strong></span> 
     </span>
     <span class='ocr_line' id='line_1_7' title="bbox 111 1127 1168 1209; baseline 0.002 -19"><span class='ocrx_word' id='word_1_58' title='bbox 111 1132 220 1191; x_wconf 76' lang='grc'><strong>331333</strong></span> <span class='ocrx_word' id='word_1_59' title='bbox 233 1130 286 1190; x_wconf 87' lang='grc'><strong>133</strong></span> <span class='ocrx_word' id='word_1_60' title='bbox 299 1131 409 1190; x_wconf 85' lang='lat' dir='ltr'><strong>crimes</strong></span> <span class='ocrx_word' id='word_1_61' title='bbox 422 1140 454 1190; x_wconf 87' lang='lat' dir='ltr'><strong>et</strong></span> <span class='ocrx_word' id='word_1_62' title='bbox 466 1128 517 1188; x_wconf 85' lang='lat' dir='ltr'><strong>des</strong></span> <span class='ocrx_word' id='word_1_63' title='bbox 530 1141 650 1204; x_wconf 80' lang='lat' dir='ltr'><strong>vectus,</strong></span> <span class='ocrx_word' id='word_1_64' title='bbox 669 1129 834 1189; x_wconf 86' lang='lat' dir='ltr'><strong>n&#39;e&#39;couteit</strong></span> <span class='ocrx_word' id='word_1_65' title='bbox 846 1148 907 1209; x_wconf 85' lang='lat' dir='ltr'><strong>que</strong></span> <span class='ocrx_word' id='word_1_66' title='bbox 920 1127 965 1189; x_wconf 91' lang='lat' dir='ltr'><strong>lui</strong></span> <span class='ocrx_word' id='word_1_67' title='bbox 982 1129 1064 1207; x_wconf 87' lang='lat' dir='ltr'><strong>seul,</strong></span> <span class='ocrx_word' id='word_1_68' title='bbox 1083 1145 1113 1190; x_wconf 89' lang='grc'><strong>33</strong></span> <span class='ocrx_word' id='word_1_69' title='bbox 1128 1153 1168 1192; x_wconf 88' lang='grc'><strong>33</strong></span> 
     </span>
     <span class='ocr_line' id='line_1_8' title="bbox 111 1225 1167 1310; baseline 0.004 -24"><span class='ocrx_word' id='word_1_70' title='bbox 111 1230 226 1310; x_wconf 81' lang='lat' dir='ltr'><strong>voyait</strong></span> <span class='ocrx_word' id='word_1_71' title='bbox 239 1228 273 1288; x_wconf 96' lang='lat' dir='ltr'><strong>ni</strong></span> <span class='ocrx_word' id='word_1_72' title='bbox 286 1229 427 1310; x_wconf 73' lang='lat' dir='ltr'><strong>citoyen,</strong></span> <span class='ocrx_word' id='word_1_73' title='bbox 448 1227 482 1286; x_wconf 89' lang='grc'><strong>31</strong></span> <span class='ocrx_word' id='word_1_74' title='bbox 502 1226 582 1302; x_wconf 86' lang='lat' dir='ltr'><strong>emi,</strong></span> <span class='ocrx_word' id='word_1_75' title='bbox 600 1227 635 1285; x_wconf 89' lang='lat' dir='ltr'><strong>ni</strong></span> <span class='ocrx_word' id='word_1_76' title='bbox 654 1225 856 1303; x_wconf 82' lang='lat' dir='ltr'><strong>bienfaiteur,</strong></span> <span class='ocrx_word' id='word_1_77' title='bbox 872 1227 906 1286; x_wconf 91' lang='lat' dir='ltr'><strong>ni</strong></span> <span class='ocrx_word' id='word_1_78' title='bbox 920 1228 1009 1309; x_wconf 71' lang='lat' dir='ltr'><strong>pcre3</strong></span> <span class='ocrx_word' id='word_1_79' title='bbox 1028 1229 1059 1289; x_wconf 85' lang='lat' dir='ltr'><strong>la</strong></span> <span class='ocrx_word' id='word_1_80' title='bbox 1079 1244 1167 1292; x_wconf 87' lang='lat' dir='ltr'><strong>vertu</strong></span> 
     </span>
     <span class='ocr_line' id='line_1_9' title="bbox 112 1323 1166 1407; baseline 0.002 -21"><span class='ocrx_word' id='word_1_81' title='bbox 112 1325 262 1386; x_wconf 77' lang='lat' dir='ltr'><strong>semblait</strong></span> <span class='ocrx_word' id='word_1_82' title='bbox 279 1323 427 1386; x_wconf 81' lang='lat' dir='ltr'><strong>s&#39;oublier</strong></span> <span class='ocrx_word' id='word_1_83' title='bbox 446 1345 526 1407; x_wconf 89' lang='lat' dir='ltr'><strong>pour</strong></span> <span class='ocrx_word' id='word_1_84' title='bbox 543 1345 573 1386; x_wconf 84' lang='grc'><strong>33</strong></span> <span class='ocrx_word' id='word_1_85' title='bbox 591 1345 747 1406; x_wconf 82' lang='lat' dir='ltr'><strong>surpasscr</strong></span> <span class='ocrx_word' id='word_1_86' title='bbox 765 1323 952 1399; x_wconf 69' lang='lat' dir='ltr'><strong>ellomcimc3</strong></span> <span class='ocrx_word' id='word_1_87' title='bbox 973 1339 1003 1385; x_wconf 86' lang='lat' dir='ltr'><strong>et</strong></span> <span class='ocrx_word' id='word_1_88' title='bbox 1025 1325 1166 1404; x_wconf 82' lang='lat' dir='ltr'><strong>l’action,</strong></span> 
     </span>
     <span class='ocr_line' id='line_1_10' title="bbox 112 1419 1167 1506; baseline 0.003 -24"><span class='ocrx_word' id='word_1_89' title='bbox 112 1424 212 1504; x_wconf 85' lang='lat' dir='ltr'><strong>qu&#39;on</strong></span> <span class='ocrx_word' id='word_1_90' title='bbox 226 1419 1167 1506; x_wconf 66' lang='grc'><strong>33333331313133313331333333,3333333311313313333333,</strong></span> 
     </span>
     <span class='ocr_line' id='line_1_11' title="bbox 111 1517 1168 1598; baseline 0.002 -16"><span class='ocrx_word' id='word_1_91' title='bbox 111 1521 171 1584; x_wconf 90' lang='grc'><strong>3113</strong></span> <span class='ocrx_word' id='word_1_92' title='bbox 183 1521 218 1584; x_wconf 89' lang='grc'><strong>13</strong></span> <span class='ocrx_word' id='word_1_93' title='bbox 229 1521 319 1584; x_wconf 80' lang='lat' dir='ltr'><strong>fesait</strong></span> <span class='ocrx_word' id='word_1_94' title='bbox 328 1522 461 1583; x_wconf 82' lang='lat' dir='ltr'>admirer</span> <span class='ocrx_word' id='word_1_95' title='bbox 471 1541 594 1583; x_wconf 87' lang='lat' dir='ltr'><strong>comme</strong></span> <span class='ocrx_word' id='word_1_96' title='bbox 605 1521 720 1583; x_wconf 86' lang='lat' dir='ltr'>divine.</span> <span class='ocrx_word' id='word_1_97' title='bbox 735 1521 784 1581; x_wconf 85' lang='lat' dir='ltr'><strong>En</strong></span> <span class='ocrx_word' id='word_1_98' title='bbox 798 1517 890 1598; x_wconf 82' lang='lat' dir='ltr'><strong>effet,</strong></span> <span class='ocrx_word' id='word_1_99' title='bbox 905 1521 934 1580; x_wconf 94' lang='grc'><strong>13</strong></span> <span class='ocrx_word' id='word_1_100' title='bbox 951 1523 1047 1581; x_wconf 84' lang='lat' dir='ltr'><strong>crime</strong></span> <span class='ocrx_word' id='word_1_101' title='bbox 1060 1522 1101 1582; x_wconf 87' lang='lat' dir='ltr'><strong>de</strong></span> <span class='ocrx_word' id='word_1_102' title='bbox 1113 1523 1168 1584; x_wconf 69' lang='lat' dir='ltr'><strong>Ge·</strong></span> 
     </span>
     <span class='ocr_line' id='line_1_12' title="bbox 113 1617 1170 1704; baseline 0.001 -23"><span class='ocrx_word' id='word_1_103' title='bbox 113 1642 179 1698; x_wconf 80' lang='grc'><strong>333,</strong></span> <span class='ocrx_word' id='word_1_104' title='bbox 192 1623 251 1704; x_wconf 89' lang='grc'><strong>331</strong></span> <span class='ocrx_word' id='word_1_105' title='bbox 262 1621 359 1682; x_wconf 81' lang='lat' dir='ltr'><strong>vivait</strong></span> <span class='ocrx_word' id='word_1_106' title='bbox 368 1619 446 1680; x_wconf 88' lang='grc'><strong>1333</strong></span> <span class='ocrx_word' id='word_1_107' title='bbox 457 1641 502 1680; x_wconf 86' lang='grc'><strong>33</strong></span> <span class='ocrx_word' id='word_1_108' title='bbox 513 1633 755 1701; x_wconf 75' lang='lat' dir='ltr'><strong>gouvernement</strong></span> <span class='ocrx_word' id='word_1_109' title='bbox 765 1617 862 1696; x_wconf 81' lang='lat' dir='ltr'>libre,</span> <span class='ocrx_word' id='word_1_110' title='bbox 875 1617 1017 1682; x_wconf 74' lang='lat' dir='ltr'><strong>n’e&#39;tait-il</strong></span> <span class='ocrx_word' id='word_1_111' title='bbox 1029 1619 1170 1704; x_wconf 73' lang='grc'><strong>33313313</strong></span> 
     </span>
    </p>
   </div>
   <div class='ocr_carea' id='block_1_3' title="bbox 15 1714 1171 1801">
    <p class='ocr_par' dir='ltr' id='par_1_3' title="bbox 15 1714 1171 1801">
     <span class='ocr_line' id='line_1_13' title="bbox 15 1714 1171 1801; baseline 0 -23"><span class='ocrx_word' id='word_1_112' title='bbox 15 1759 20 1770; x_wconf 72' lang='lat'><em>·</em></span> <span class='ocrx_word' id='word_1_113' title='bbox 114 1719 211 1780; x_wconf 73' lang='lat' dir='ltr'><strong>d’etat</strong></span> <span class='ocrx_word' id='word_1_114' title='bbox 224 1717 316 1780; x_wconf 71' lang='lat' dir='ltr'><strong>d&#39;etre</strong></span> <span class='ocrx_word' id='word_1_115' title='bbox 329 1719 407 1801; x_wconf 90' lang='lat' dir='ltr'><strong>puni</strong></span> <span class='ocrx_word' id='word_1_116' title='bbox 421 1729 594 1778; x_wconf 83' lang='lat' dir='ltr'><strong>outrement</strong></span> <span class='ocrx_word' id='word_1_117' title='bbox 603 1738 664 1798; x_wconf 90' lang='lat' dir='ltr'><strong>que</strong></span> <span class='ocrx_word' id='word_1_118' title='bbox 675 1737 733 1800; x_wconf 81' lang='lat' dir='ltr'><strong>par</strong></span> <span class='ocrx_word' id='word_1_119' title='bbox 742 1737 788 1776; x_wconf 90' lang='lat' dir='ltr'><strong>un</strong></span> <span class='ocrx_word' id='word_1_120' title='bbox 799 1714 981 1777; x_wconf 73' lang='grc'><strong>3333313331</strong></span> <span class='ocrx_word' id='word_1_121' title='bbox 993 1715 1035 1776; x_wconf 70' lang='lat' dir='ltr'><strong>Ee</strong></span> <span class='ocrx_word' id='word_1_122' title='bbox 1043 1715 1171 1778; x_wconf 80' lang='grc'><strong>133333-</strong></span> 
     </span>
    </p>
   </div>
   <div class='ocr_carea' id='block_1_4' title="bbox 114 1811 1193 3952">
    <p class='ocr_par' dir='ltr' id='par_1_4' title="bbox 114 1811 1193 3952">
     <span class='ocr_line' id='line_1_14' title="bbox 114 1811 1171 1900; baseline -0.002 -22"><span class='ocrx_word' id='word_1_123' title='bbox 114 1817 170 1878; x_wconf 81' lang='lat' dir='ltr'><strong>der</strong></span> <span class='ocrx_word' id='word_1_124' title='bbox 181 1817 342 1900; x_wconf 89' lang='lat' dir='ltr'><strong>pourqnoi</strong></span> <span class='ocrx_word' id='word_1_125' title='bbox 358 1837 400 1876; x_wconf 90' lang='lat' dir='ltr'><strong>on</strong></span> <span class='ocrx_word' id='word_1_126' title='bbox 414 1836 454 1876; x_wconf 90' lang='grc'><strong>33</strong></span> <span class='ocrx_word' id='word_1_127' title='bbox 468 1814 572 1876; x_wconf 79' lang='grc'><strong>133313</strong></span> <span class='ocrx_word' id='word_1_128' title='bbox 585 1835 640 1897; x_wconf 76' lang='lat' dir='ltr'><strong>poe</strong></span> <span class='ocrx_word' id='word_1_129' title='bbox 652 1815 812 1897; x_wconf 78' lang='lat' dir='ltr'><strong>poursuivi</strong></span> <span class='ocrx_word' id='word_1_130' title='bbox 828 1831 887 1896; x_wconf 79' lang='lat' dir='ltr'><strong>per</strong></span> <span class='ocrx_word' id='word_1_131' title='bbox 894 1813 926 1874; x_wconf 85' lang='grc'><strong>13</strong></span> <span class='ocrx_word' id='word_1_132' title='bbox 936 1811 1171 1892; x_wconf 83' lang='lat' dir='ltr'><strong>forceouverte,</strong></span> 
     </span>
     <span class='ocr_line' id='line_1_15' title="bbox 116 1907 1169 1996; baseline -0.004 -22"><span class='ocrx_word' id='word_1_133' title='bbox 116 1936 157 1974; x_wconf 91' lang='lat' dir='ltr'><strong>ou</strong></span> <span class='ocrx_word' id='word_1_134' title='bbox 171 1934 234 1996; x_wconf 79' lang='lat' dir='ltr'><strong>pur</strong></span> <span class='ocrx_word' id='word_1_135' title='bbox 244 1913 287 1974; x_wconf 85' lang='grc'><strong>133</strong></span> <span class='ocrx_word' id='word_1_136' title='bbox 298 1911 375 1989; x_wconf 85' lang='grc'><strong>1313,</strong></span> <span class='ocrx_word' id='word_1_137' title='bbox 386 1912 537 1973; x_wconf 78' lang='lat' dir='ltr'><strong>n’e&#39;taitce</strong></span> <span class='ocrx_word' id='word_1_138' title='bbox 547 1933 602 1994; x_wconf 81' lang='lat' dir='ltr'><strong>pas</strong></span> <span class='ocrx_word' id='word_1_139' title='bbox 615 1909 784 1971; x_wconf 78' lang='lat' dir='ltr'><strong>demander</strong></span> <span class='ocrx_word' id='word_1_140' title='bbox 794 1911 901 1970; x_wconf 76' lang='grc'><strong>331333</strong></span> <span class='ocrx_word' id='word_1_141' title='bbox 911 1907 949 1971; x_wconf 86' lang='grc'><strong>13</strong></span> <span class='ocrx_word' id='word_1_142' title='bbox 960 1931 1006 1972; x_wconf 85' lang='grc'><strong>333</strong></span> <span class='ocrx_word' id='word_1_143' title='bbox 1017 1913 1126 1973; x_wconf 85' lang='lat' dir='ltr'><strong>crimes</strong></span> <span class='ocrx_word' id='word_1_144' title='bbox 1133 1911 1169 1971; x_wconf 78' lang='lat' dir='ltr'><strong>in</strong></span> 
     </span>
     <span class='ocr_line' id='line_1_16' title="bbox 118 2007 1193 2092; baseline 0.002 -24"><span class='ocrx_word' id='word_1_145' title='bbox 118 2011 294 2090; x_wconf 85' lang='lat' dir='ltr'><strong>Utrumque</strong></span> <span class='ocrx_word' id='word_1_146' title='bbox 305 2011 487 2092; x_wconf 83' lang='lat' dir='ltr'>scriptorem</span> <span class='ocrx_word' id='word_1_147' title='bbox 499 2029 536 2068; x_wconf 87' lang='lat' dir='ltr'><strong>ex</strong></span> <span class='ocrx_word' id='word_1_148' title='bbox 549 2029 587 2068; x_wconf 89' lang='grc'><strong>33</strong></span> <span class='ocrx_word' id='word_1_149' title='bbox 598 2007 833 2090; x_wconf 73' lang='lat' dir='ltr'><strong>comparatione</strong></span> <span class='ocrx_word' id='word_1_150' title='bbox 845 2008 943 2089; x_wconf 84' lang='lat' dir='ltr'><strong>pretio</strong></span> <span class='ocrx_word' id='word_1_151' title='bbox 955 2030 1011 2070; x_wconf 87' lang='grc'><strong>333</strong></span> <span class='ocrx_word' id='word_1_152' title='bbox 1025 2011 1171 2072; x_wconf 73' lang='grc'><strong>3333133333</strong></span> <span class='ocrx_word' id='word_1_153' title='bbox 1189 2013 1193 2020; x_wconf 84' lang='grc'><em>“</em></span> 
     </span>
     <span class='ocr_line' id='line_1_17' title="bbox 117 2103 1173 2189; baseline 0.003 -22"><span class='ocrx_word' id='word_1_154' title='bbox 117 2121 244 2168; x_wconf 88' lang='lat' dir='ltr'><strong>tenuem</strong></span> <span class='ocrx_word' id='word_1_155' title='bbox 255 2119 286 2168; x_wconf 88' lang='grc'><strong>33</strong></span> <span class='ocrx_word' id='word_1_156' title='bbox 294 2104 436 2189; x_wconf 87' lang='lat' dir='ltr'><strong>jejunum</strong></span> <span class='ocrx_word' id='word_1_157' title='bbox 448 2105 597 2181; x_wconf 67' lang='lat' dir='ltr'><strong>alterum</strong></span> <span class='ocrx_word' id='word_1_158' title='bbox 611 2104 742 2188; x_wconf 79' lang='lat' dir='ltr'><strong>plenum</strong></span> <span class='ocrx_word' id='word_1_159' title='bbox 753 2103 883 2165; x_wconf 78' lang='lat' dir='ltr'><strong>alterum</strong></span> <span class='ocrx_word' id='word_1_160' title='bbox 896 2119 926 2166; x_wconf 83' lang='lat' dir='ltr'><strong>ct</strong></span> <span class='ocrx_word' id='word_1_161' title='bbox 937 2107 977 2168; x_wconf 90' lang='grc'><strong>31</strong></span> <span class='ocrx_word' id='word_1_162' title='bbox 988 2108 1100 2170; x_wconf 78' lang='lat' dir='ltr'><strong>intima</strong></span> <span class='ocrx_word' id='word_1_163' title='bbox 1117 2130 1173 2170; x_wconf 88' lang='grc'><strong>333</strong></span> 
     </span>
     <span class='ocr_line' id='line_1_18' title="bbox 116 2202 1173 2287; baseline 0.002 -23"><span class='ocrx_word' id='word_1_164' title='bbox 116 2204 373 2278; x_wconf 75' lang='lat' dir='ltr'><strong>descendentem,</strong></span> <span class='ocrx_word' id='word_1_165' title='bbox 388 2223 494 2266; x_wconf 81' lang='grc'><strong>333333</strong></span> <span class='ocrx_word' id='word_1_166' title='bbox 511 2221 648 2287; x_wconf 82' lang='grc'><strong>3333333</strong></span> <span class='ocrx_word' id='word_1_167' title='bbox 664 2219 735 2264; x_wconf 83' lang='grc'><strong>3333</strong></span> <span class='ocrx_word' id='word_1_168' title='bbox 751 2202 842 2263; x_wconf 88' lang='lat' dir='ltr'><strong>rebus</strong></span> <span class='ocrx_word' id='word_1_169' title='bbox 857 2205 1095 2286; x_wconf 72' lang='lat' dir='ltr'><strong>assignaturum.</strong></span> <span class='ocrx_word' id='word_1_170' title='bbox 1115 2207 1173 2266; x_wconf 85' lang='lat' dir='ltr'><strong>Sed</strong></span> 
     </span>
     <span class='ocr_line' id='line_1_19' title="bbox 118 2299 1173 2388; baseline 0.002 -24"><span class='ocrx_word' id='word_1_171' title='bbox 118 2304 444 2388; x_wconf 72' lang='grc'><strong>3313331331331333,</strong></span> <span class='ocrx_word' id='word_1_172' title='bbox 461 2323 561 2388; x_wconf 84' lang='lat' dir='ltr'><strong>quum</strong></span> <span class='ocrx_word' id='word_1_173' title='bbox 580 2299 641 2364; x_wconf 88' lang='grc'><strong>3113</strong></span> <span class='ocrx_word' id='word_1_174' title='bbox 657 2299 794 2387; x_wconf 87' lang='lat' dir='ltr'><strong>plurima</strong></span> <span class='ocrx_word' id='word_1_175' title='bbox 811 2325 869 2366; x_wconf 89' lang='lat' dir='ltr'><strong>nos</strong></span> <span class='ocrx_word' id='word_1_176' title='bbox 887 2317 1035 2386; x_wconf 79' lang='lat' dir='ltr'><strong>poscant,</strong></span> <span class='ocrx_word' id='word_1_177' title='bbox 1050 2325 1120 2387; x_wconf 80' lang='lat' dir='ltr'><strong>quae</strong></span> <span class='ocrx_word' id='word_1_178' title='bbox 1135 2306 1173 2366; x_wconf 88' lang='grc'><strong>13</strong></span> 
     </span>
     <span class='ocr_line' id='line_1_20' title="bbox 119 2399 1173 2484; baseline -0.002 -20"><span class='ocrx_word' id='word_1_179' title='bbox 119 2401 248 2464; x_wconf 76' lang='grc'><strong>(13333313</strong></span> <span class='ocrx_word' id='word_1_180' title='bbox 262 2403 390 2484; x_wconf 75' lang='lat' dir='ltr'><strong>ingenio</strong></span> <span class='ocrx_word' id='word_1_181' title='bbox 404 2403 450 2482; x_wconf 81' lang='lat' dir='ltr'><strong>(et</strong></span> <span class='ocrx_word' id='word_1_182' title='bbox 462 2403 498 2462; x_wconf 91' lang='lat' dir='ltr'><strong>in</strong></span> <span class='ocrx_word' id='word_1_183' title='bbox 513 2399 574 2462; x_wconf 88' lang='lat' dir='ltr'><strong>hoc</strong></span> <span class='ocrx_word' id='word_1_184' title='bbox 591 2399 698 2462; x_wconf 76' lang='grc'><strong>3313333</strong></span> <span class='ocrx_word' id='word_1_185' title='bbox 713 2413 866 2484; x_wconf 84' lang='lat' dir='ltr'><strong>punctum</strong></span> <span class='ocrx_word' id='word_1_186' title='bbox 879 2402 961 2481; x_wconf 85' lang='lat' dir='ltr'><strong>erat)</strong></span> <span class='ocrx_word' id='word_1_187' title='bbox 980 2415 1045 2460; x_wconf 81' lang='lat' dir='ltr'><strong>tarn</strong></span> <span class='ocrx_word' id='word_1_188' title='bbox 1065 2401 1173 2462; x_wconf 84' lang='lat' dir='ltr'><strong>leviter</strong></span> 
     </span>
     <span class='ocr_line' id='line_1_21' title="bbox 120 2497 1172 2581; baseline 0.002 -25"><span class='ocrx_word' id='word_1_189' title='bbox 120 2499 251 2581; x_wconf 81' lang='lat' dir='ltr'><strong>subjecit</strong></span> <span class='ocrx_word' id='word_1_190' title='bbox 268 2499 450 2576; x_wconf 81' lang='lat' dir='ltr'><strong>Suetonius,</strong></span> <span class='ocrx_word' id='word_1_191' title='bbox 469 2517 522 2574; x_wconf 79' lang='lat' dir='ltr'><strong>ee,</strong></span> <span class='ocrx_word' id='word_1_192' title='bbox 541 2511 652 2581; x_wconf 75' lang='lat' dir='ltr'><strong>proetcr</strong></span> <span class='ocrx_word' id='word_1_193' title='bbox 669 2499 895 2573; x_wconf 74' lang='lat' dir='ltr'><strong>Monensournu</strong></span> <span class='ocrx_word' id='word_1_194' title='bbox 916 2499 949 2558; x_wconf 91' lang='grc'><strong>13</strong></span> <span class='ocrx_word' id='word_1_195' title='bbox 968 2518 1061 2580; x_wconf 88' lang='lat' dir='ltr'><strong>opere</strong></span> <span class='ocrx_word' id='word_1_196' title='bbox 1075 2497 1172 2558; x_wconf 89' lang='lat' dir='ltr'><strong>modo</strong></span> 
     </span>
     <span class='ocr_line' id='line_1_22' title="bbox 120 2596 1173 2681; baseline -0.001 -25"><span class='ocrx_word' id='word_1_197' title='bbox 120 2597 224 2675; x_wconf 89' lang='lat' dir='ltr'><strong>dicto,</strong></span> <span class='ocrx_word' id='word_1_198' title='bbox 237 2597 320 2660; x_wconf 82' lang='lat' dir='ltr'><strong>clara</strong></span> <span class='ocrx_word' id='word_1_199' title='bbox 339 2597 407 2660; x_wconf 84' lang='grc'><strong>1333</strong></span> <span class='ocrx_word' id='word_1_200' title='bbox 424 2599 561 2681; x_wconf 78' lang='lat' dir='ltr'><strong>exposite</strong></span> <span class='ocrx_word' id='word_1_201' title='bbox 579 2597 666 2658; x_wconf 79' lang='lat' dir='ltr'><strong>dabit</strong></span> <span class='ocrx_word' id='word_1_202' title='bbox 684 2599 861 2672; x_wconf 70' lang='lat' dir='ltr'><strong>Vononen,</strong></span> <span class='ocrx_word' id='word_1_203' title='bbox 882 2597 933 2656; x_wconf 89' lang='lat' dir='ltr'><strong>cui</strong></span> <span class='ocrx_word' id='word_1_204' title='bbox 956 2608 1070 2656; x_wconf 84' lang='lat' dir='ltr'><strong>ceteras</strong></span> <span class='ocrx_word' id='word_1_205' title='bbox 1091 2596 1173 2656; x_wconf 87' lang='lat' dir='ltr'><strong>inter</strong></span> 
     </span>
     <span class='ocr_line' id='line_1_23' title="bbox 120 2691 1172 2779; baseline -0.001 -24"><span class='ocrx_word' id='word_1_206' title='bbox 120 2691 209 2756; x_wconf 78' lang='lat' dir='ltr'><strong>dotes</strong></span> <span class='ocrx_word' id='word_1_207' title='bbox 221 2715 278 2779; x_wconf 87' lang='lat' dir='ltr'><strong>pro</strong></span> <span class='ocrx_word' id='word_1_208' title='bbox 290 2715 413 2757; x_wconf 78' lang='grc'><strong>3333333</strong></span> <span class='ocrx_word' id='word_1_209' title='bbox 421 2693 512 2756; x_wconf 87' lang='grc'><strong>13313</strong></span> <span class='ocrx_word' id='word_1_210' title='bbox 523 2697 577 2772; x_wconf 85' lang='lat' dir='ltr'><strong>sit,</strong></span> <span class='ocrx_word' id='word_1_211' title='bbox 590 2695 677 2776; x_wconf 90' lang='lat' dir='ltr'><strong>quod</strong></span> <span class='ocrx_word' id='word_1_212' title='bbox 685 2695 895 2766; x_wconf 86' lang='lat' dir='ltr'><strong>maximorum</strong></span> <span class='ocrx_word' id='word_1_213' title='bbox 905 2693 1072 2754; x_wconf 88' lang='lat' dir='ltr'><strong>hominum</strong></span> <span class='ocrx_word' id='word_1_214' title='bbox 1079 2693 1172 2774; x_wconf 85' lang='lat' dir='ltr'><strong>judex</strong></span> 
     </span>
     <span class='ocr_line' id='line_1_24' title="bbox 120 2778 1170 2875; baseline 0.002 -23"><span class='ocrx_word' id='word_1_215' title='bbox 120 2793 341 2874; x_wconf 69' lang='lat' dir='ltr'><strong>peritissimus,</strong></span> <span class='ocrx_word' id='word_1_216' title='bbox 352 2791 477 2874; x_wconf 78' lang='lat' dir='ltr'><strong>qualem</strong></span> <span class='ocrx_word' id='word_1_217' title='bbox 488 2813 519 2853; x_wconf 88' lang='lat' dir='ltr'><strong>se</strong></span> <span class='ocrx_word' id='word_1_218' title='bbox 528 2791 658 2875; x_wconf 88' lang='lat' dir='ltr'><strong>quisque</strong></span> <span class='ocrx_word' id='word_1_219' title='bbox 668 2778 792 2872; x_wconf 74' lang='lat' dir='ltr'><strong>gesseril:</strong></span> <span class='ocrx_word' id='word_1_220' title='bbox 800 2791 840 2852; x_wconf 89' lang='grc'><strong>31</strong></span> <span class='ocrx_word' id='word_1_221' title='bbox 850 2793 956 2852; x_wconf 82' lang='lat' dir='ltr'><strong>vivum</strong></span> <span class='ocrx_word' id='word_1_222' title='bbox 965 2805 1170 2874; x_wconf 76' lang='lat' dir='ltr'><strong>repraesentet.</strong></span> 
     </span>
     <span class='ocr_line' id='line_1_25' title="bbox 121 2889 1170 2974; baseline 0.004 -26"><span class='ocrx_word' id='word_1_223' title='bbox 121 2889 151 2950; x_wconf 87' lang='grc'><strong>13</strong></span> <span class='ocrx_word' id='word_1_224' title='bbox 162 2903 265 2956; x_wconf 82' lang='lat' dir='ltr'><strong>eutem</strong></span> <span class='ocrx_word' id='word_1_225' title='bbox 278 2893 313 2952; x_wconf 88' lang='grc'><strong>13</strong></span> <span class='ocrx_word' id='word_1_226' title='bbox 323 2891 481 2973; x_wconf 75' lang='lat' dir='ltr'><strong>tragoediis</strong></span> <span class='ocrx_word' id='word_1_227' title='bbox 491 2891 625 2966; x_wconf 81' lang='lat' dir='ltr'><strong>eximiis,</strong></span> <span class='ocrx_word' id='word_1_228' title='bbox 636 2911 714 2974; x_wconf 87' lang='grc'><strong>3333</strong></span> <span class='ocrx_word' id='word_1_229' title='bbox 724 2891 763 2950; x_wconf 90' lang='grc'><strong>13</strong></span> <span class='ocrx_word' id='word_1_230' title='bbox 774 2890 908 2952; x_wconf 82' lang='lat' dir='ltr'><strong>Catilina</strong></span> <span class='ocrx_word' id='word_1_231' title='bbox 918 2903 948 2950; x_wconf 89' lang='lat' dir='ltr'><strong>et</strong></span> <span class='ocrx_word' id='word_1_232' title='bbox 959 2890 1085 2952; x_wconf 79' lang='lat' dir='ltr'><strong>Caesaris</strong></span> <span class='ocrx_word' id='word_1_233' title='bbox 1096 2913 1170 2952; x_wconf 86' lang='lat' dir='ltr'><strong>nece</strong></span> 
     </span>
     <span class='ocr_line' id='line_1_26' title="bbox 121 2988 1169 3072; baseline 0.002 -22"><span class='ocrx_word' id='word_1_234' title='bbox 121 2990 318 3072; x_wconf 80' lang='lat' dir='ltr'><strong>conscripsit,</strong></span> <span class='ocrx_word' id='word_1_235' title='bbox 339 3011 406 3052; x_wconf 88' lang='grc'><strong>333</strong></span> <span class='ocrx_word' id='word_1_236' title='bbox 422 2990 546 3052; x_wconf 74' lang='lat' dir='ltr'><strong>(leceris</strong></span> <span class='ocrx_word' id='word_1_237' title='bbox 563 2990 747 3070; x_wconf 74' lang='lat' dir='ltr'><strong>imaginem,</strong></span> <span class='ocrx_word' id='word_1_238' title='bbox 765 2988 816 3050; x_wconf 83' lang='lat' dir='ltr'><strong>sed</strong></span> <span class='ocrx_word' id='word_1_239' title='bbox 832 2989 983 3050; x_wconf 82' lang='lat' dir='ltr'><strong>Caeserem</strong></span> <span class='ocrx_word' id='word_1_240' title='bbox 1003 2990 1106 3072; x_wconf 80' lang='lat' dir='ltr'><strong>ipsum</strong></span> <span class='ocrx_word' id='word_1_241' title='bbox 1124 2991 1169 3053; x_wconf 91' lang='lat' dir='ltr'><strong>lo·</strong></span> 
     </span>
     <span class='ocr_line' id='line_1_27' title="bbox 121 3085 1170 3169; baseline 0.004 -23"><span class='ocrx_word' id='word_1_242' title='bbox 121 3099 268 3166; x_wconf 76' lang='grc'><strong>33333333</strong></span> <span class='ocrx_word' id='word_1_243' title='bbox 280 3101 310 3147; x_wconf 85' lang='grc'><strong>33</strong></span> <span class='ocrx_word' id='word_1_244' title='bbox 320 3099 462 3168; x_wconf 83' lang='lat' dir='ltr'><strong>agentem</strong></span> <span class='ocrx_word' id='word_1_245' title='bbox 474 3086 610 3161; x_wconf 71' lang='lat' dir='ltr'><strong>inducit,</strong></span> <span class='ocrx_word' id='word_1_246' title='bbox 626 3087 685 3146; x_wconf 89' lang='grc'><strong>3131</strong></span> <span class='ocrx_word' id='word_1_247' title='bbox 701 3085 782 3146; x_wconf 82' lang='lat' dir='ltr'><strong>forte</strong></span> <span class='ocrx_word' id='word_1_248' title='bbox 797 3085 884 3166; x_wconf 90' lang='lat' dir='ltr'><strong>quod</strong></span> <span class='ocrx_word' id='word_1_249' title='bbox 900 3087 934 3146; x_wconf 92' lang='lat' dir='ltr'><strong>in</strong></span> <span class='ocrx_word' id='word_1_250' title='bbox 950 3085 1045 3148; x_wconf 84' lang='lat' dir='ltr'><strong>altere</strong></span> <span class='ocrx_word' id='word_1_251' title='bbox 1056 3089 1170 3169; x_wconf 85' lang='lat' dir='ltr'><strong>(libere</strong></span> 
     </span>
     <span class='ocr_line' id='line_1_28' title="bbox 121 3181 1168 3271; baseline 0.004 -25"><span class='ocrx_word' id='word_1_252' title='bbox 121 3183 262 3264; x_wconf 84' lang='lat' dir='ltr'><strong>profiteri</strong></span> <span class='ocrx_word' id='word_1_253' title='bbox 273 3185 396 3264; x_wconf 84' lang='lat' dir='ltr'><strong>detur),</strong></span> <span class='ocrx_word' id='word_1_254' title='bbox 411 3205 523 3267; x_wconf 83' lang='lat' dir='ltr'>nempe</span> <span class='ocrx_word' id='word_1_255' title='bbox 537 3185 586 3245; x_wconf 90' lang='grc'><strong>331</strong></span> <span class='ocrx_word' id='word_1_256' title='bbox 598 3183 723 3259; x_wconf 79' lang='grc'><strong>3133133,</strong></span> <span class='ocrx_word' id='word_1_257' title='bbox 738 3181 766 3242; x_wconf 84' lang='grc'><strong>13</strong></span> <span class='ocrx_word' id='word_1_258' title='bbox 778 3186 860 3244; x_wconf 74' lang='lat' dir='ltr'><strong>Mort</strong></span> <span class='ocrx_word' id='word_1_259' title='bbox 869 3183 905 3248; x_wconf 81' lang='lat' dir='ltr'><strong>de</strong></span> <span class='ocrx_word' id='word_1_260' title='bbox 915 3186 1015 3261; x_wconf 67' lang='lat' dir='ltr'><strong>cesar,</strong></span> <span class='ocrx_word' id='word_1_261' title='bbox 1028 3208 1058 3247; x_wconf 88' lang='lat' dir='ltr'><strong>se</strong></span> <span class='ocrx_word' id='word_1_262' title='bbox 1071 3187 1168 3271; x_wconf 78' lang='lat' dir='ltr'><strong>poulo</strong></span> 
     </span>
     <span class='ocr_line' id='line_1_29' title="bbox 121 3279 1169 3365; baseline 0.004 -25"><span class='ocrx_word' id='word_1_263' title='bbox 121 3281 287 3365; x_wconf 75' lang='lat' dir='ltr'><strong>superbius</strong></span> <span class='ocrx_word' id='word_1_264' title='bbox 300 3285 335 3344; x_wconf 91' lang='grc'><strong>13</strong></span> <span class='ocrx_word' id='word_1_265' title='bbox 352 3303 461 3344; x_wconf 81' lang='lat' dir='ltr'><strong>omnes</strong></span> <span class='ocrx_word' id='word_1_266' title='bbox 474 3282 613 3342; x_wconf 78' lang='lat' dir='ltr'>Dictator</span> <span class='ocrx_word' id='word_1_267' title='bbox 621 3280 757 3362; x_wconf 79' lang='lat' dir='ltr'><strong>jactitat,</strong></span> <span class='ocrx_word' id='word_1_268' title='bbox 772 3279 864 3362; x_wconf 86' lang='grc'><strong>33313</strong></span> <span class='ocrx_word' id='word_1_269' title='bbox 875 3303 977 3365; x_wconf 84' lang='lat' dir='ltr'>nuper</span> <span class='ocrx_word' id='word_1_270' title='bbox 988 3285 1100 3344; x_wconf 87' lang='lat' dir='ltr'><strong>vitium</strong></span> <span class='ocrx_word' id='word_1_271' title='bbox 1115 3285 1169 3346; x_wconf 87' lang='grc'><strong>31-</strong></span> 
     </span>
     <span class='ocr_line' id='line_1_30' title="bbox 121 3377 1169 3461; baseline 0.001 -19"><span class='ocrx_word' id='word_1_272' title='bbox 121 3379 208 3442; x_wconf 76' lang='lat' dir='ltr'><strong>misit</strong></span> <span class='ocrx_word' id='word_1_273' title='bbox 224 3381 318 3440; x_wconf 84' lang='lat' dir='ltr'><strong>etium</strong></span> <span class='ocrx_word' id='word_1_274' title='bbox 338 3382 433 3457; x_wconf 81' lang='lat' dir='ltr'><strong>Jour,</strong></span> <span class='ocrx_word' id='word_1_275' title='bbox 448 3380 496 3440; x_wconf 92' lang='lat' dir='ltr'><strong>vir</strong></span> <span class='ocrx_word' id='word_1_276' title='bbox 509 3391 606 3440; x_wconf 78' lang='lat' dir='ltr'><strong>cetere</strong></span> <span class='ocrx_word' id='word_1_277' title='bbox 619 3377 700 3444; x_wconf 83' lang='lat' dir='ltr'><strong>bene</strong></span> <span class='ocrx_word' id='word_1_278' title='bbox 713 3380 915 3460; x_wconf 82' lang='lat' dir='ltr'><strong>conspicuus,</strong></span> <span class='ocrx_word' id='word_1_279' title='bbox 933 3401 1031 3461; x_wconf 90' lang='lat' dir='ltr'><strong>quum</strong></span> <span class='ocrx_word' id='word_1_280' title='bbox 1049 3381 1169 3445; x_wconf 78' lang='lat' dir='ltr'><strong>Sullam</strong></span> 
     </span>
     <span class='ocr_line' id='line_1_31' title="bbox 122 3476 1169 3560; baseline 0.003 -23"><span class='ocrx_word' id='word_1_281' title='bbox 122 3477 281 3560; x_wconf 73' lang='lat' dir='ltr'><strong>tragoediae</strong></span> <span class='ocrx_word' id='word_1_282' title='bbox 295 3477 467 3560; x_wconf 85' lang='lat' dir='ltr'><strong>principem</strong></span> <span class='ocrx_word' id='word_1_283' title='bbox 483 3476 633 3536; x_wconf 87' lang='lat' dir='ltr'><strong>instituit¹</strong></span> <span class='ocrx_word' id='word_1_284' title='bbox 658 3477 881 3538; x_wconf 80' lang='lat' dir='ltr'><strong>sententiarum</strong></span> <span class='ocrx_word' id='word_1_285' title='bbox 896 3476 981 3538; x_wconf 84' lang='lat' dir='ltr'><strong>fastu</strong></span> <span class='ocrx_word' id='word_1_286' title='bbox 1000 3490 1030 3538; x_wconf 86' lang='grc'><strong>33</strong></span> <span class='ocrx_word' id='word_1_287' title='bbox 1047 3479 1169 3541; x_wconf 84' lang='lat' dir='ltr'><strong>vanilo-</strong></span> 
     </span>
     <span class='ocr_line' id='line_1_32' title="bbox 121 3572 1170 3656; baseline -0.002 -18"><span class='ocrx_word' id='word_1_288' title='bbox 121 3577 250 3656; x_wconf 73' lang='lat' dir='ltr'><strong>quentia</strong></span> <span class='ocrx_word' id='word_1_289' title='bbox 260 3575 427 3636; x_wconf 86' lang='lat' dir='ltr'><strong>tumidum.</strong></span> <span class='ocrx_word' id='word_1_290' title='bbox 439 3574 496 3636; x_wconf 86' lang='lat' dir='ltr'><strong>Sed</strong></span> <span class='ocrx_word' id='word_1_291' title='bbox 508 3572 567 3634; x_wconf 91' lang='lat' dir='ltr'><strong>hoc</strong></span> <span class='ocrx_word' id='word_1_292' title='bbox 580 3574 614 3632; x_wconf 92' lang='lat' dir='ltr'><strong>in</strong></span> <span class='ocrx_word' id='word_1_293' title='bbox 626 3585 690 3634; x_wconf 83' lang='lat' dir='ltr'><strong>erte</strong></span> <span class='ocrx_word' id='word_1_294' title='bbox 700 3574 820 3634; x_wconf 84' lang='lat' dir='ltr'><strong>scenica</strong></span> <span class='ocrx_word' id='word_1_295' title='bbox 829 3573 1051 3635; x_wconf 86' lang='lat' dir='ltr'><strong>difficillimum</strong></span> <span class='ocrx_word' id='word_1_296' title='bbox 1062 3589 1122 3651; x_wconf 86' lang='lat' dir='ltr'><strong>est,</strong></span> <span class='ocrx_word' id='word_1_297' title='bbox 1135 3590 1170 3636; x_wconf 94' lang='lat' dir='ltr'><strong>ut</strong></span> 
     </span>
     <span class='ocr_line' id='line_1_33' title="bbox 122 3670 1169 3755; baseline -0.003 -21"><span class='ocrx_word' id='word_1_298' title='bbox 122 3673 332 3755; x_wconf 86' lang='grc'><strong>3333133313</strong></span> <span class='ocrx_word' id='word_1_299' title='bbox 346 3674 486 3754; x_wconf 75' lang='lat' dir='ltr'><strong>ingentes</strong></span> <span class='ocrx_word' id='word_1_300' title='bbox 500 3673 573 3733; x_wconf 87' lang='grc'><strong>13333</strong></span> <span class='ocrx_word' id='word_1_301' title='bbox 591 3672 713 3731; x_wconf 85' lang='lat' dir='ltr'><strong>animos</strong></span> <span class='ocrx_word' id='word_1_302' title='bbox 731 3670 916 3732; x_wconf 83' lang='lat' dir='ltr'><strong>evolvendos</strong></span> <span class='ocrx_word' id='word_1_303' title='bbox 934 3672 967 3731; x_wconf 91' lang='lat' dir='ltr'><strong>in</strong></span> <span class='ocrx_word' id='word_1_304' title='bbox 982 3692 1013 3732; x_wconf 89' lang='grc'><strong>33</strong></span> <span class='ocrx_word' id='word_1_305' title='bbox 1027 3673 1169 3754; x_wconf 82' lang='lat' dir='ltr'><strong>suscipit,</strong></span> 
     </span>
     <span class='ocr_line' id='line_1_34' title="bbox 123 3768 1170 3850; baseline -0.002 -18"><span class='ocrx_word' id='word_1_306' title='bbox 123 3791 191 3832; x_wconf 86' lang='lat' dir='ltr'><strong>non</strong></span> <span class='ocrx_word' id='word_1_307' title='bbox 206 3782 290 3830; x_wconf 77' lang='lat' dir='ltr'><strong>extra</strong></span> <span class='ocrx_word' id='word_1_308' title='bbox 299 3770 435 3831; x_wconf 84' lang='lat' dir='ltr'><strong>veritatis</strong></span> <span class='ocrx_word' id='word_1_309' title='bbox 446 3768 579 3830; x_wconf 89' lang='lat' dir='ltr'><strong>modum</strong></span> <span class='ocrx_word' id='word_1_310' title='bbox 595 3769 742 3837; x_wconf 78' lang='lat' dir='ltr'><strong>libentius</strong></span> <span class='ocrx_word' id='word_1_311' title='bbox 756 3781 904 3830; x_wconf 80' lang='lat' dir='ltr'><strong>excurrat.</strong></span> <span class='ocrx_word' id='word_1_312' title='bbox 920 3769 991 3829; x_wconf 87' lang='lat' dir='ltr'><strong>Jam</strong></span> <span class='ocrx_word' id='word_1_313' title='bbox 1005 3770 1115 3850; x_wconf 77' lang='lat' dir='ltr'><strong>igitur,</strong></span> <span class='ocrx_word' id='word_1_314' title='bbox 1129 3790 1170 3830; x_wconf 87' lang='grc'><strong>33</strong></span> 
     </span>
     <span class='ocr_line' id='line_1_35' title="bbox 125 3867 1170 3952; baseline -0.001 -23"><span class='ocrx_word' id='word_1_315' title='bbox 125 3868 194 3952; x_wconf 80' lang='lat' dir='ltr'><strong>plus</strong></span> <span class='ocrx_word' id='word_1_316' title='bbox 210 3867 294 3950; x_wconf 82' lang='lat' dir='ltr'><strong>justo</strong></span> <span class='ocrx_word' id='word_1_317' title='bbox 314 3868 352 3930; x_wconf 89' lang='grc'><strong>13</strong></span> <span class='ocrx_word' id='word_1_318' title='bbox 370 3869 509 3930; x_wconf 78' lang='lat' dir='ltr'><strong>minimis</strong></span> <span class='ocrx_word' id='word_1_319' title='bbox 526 3868 681 3950; x_wconf 80' lang='lat' dir='ltr'><strong>inquirere</strong></span> <span class='ocrx_word' id='word_1_320' title='bbox 694 3867 870 3943; x_wconf 76' lang='lat' dir='ltr'><strong>videamur,</strong></span> <span class='ocrx_word' id='word_1_321' title='bbox 887 3887 985 3949; x_wconf 89' lang='lat' dir='ltr'><strong>quum</strong></span> <span class='ocrx_word' id='word_1_322' title='bbox 1003 3869 1038 3928; x_wconf 90' lang='lat' dir='ltr'><strong>in</strong></span> <span class='ocrx_word' id='word_1_323' title='bbox 1055 3867 1170 3929; x_wconf 79' lang='lat' dir='ltr'><strong>fabulis</strong></span> 
     </span>
    </p>
   </div>
   <div class='ocr_carea' id='block_1_5' title="bbox 123 3965 1170 4051">
    <p class='ocr_par' dir='ltr' id='par_1_5' title="bbox 123 3965 1170 4051">
     <span class='ocr_line' id='line_1_36' title="bbox 123 3965 1170 4051; baseline 0 -25"><span class='ocrx_word' id='word_1_324' title='bbox 123 3965 185 4027; x_wconf 89' lang='grc'><strong>11113</strong></span> <span class='ocrx_word' id='word_1_325' title='bbox 206 3968 379 4044; x_wconf 72' lang='lat' dir='ltr'><strong>Vononen,</strong></span> <span class='ocrx_word' id='word_1_326' title='bbox 401 3969 487 4051; x_wconf 89' lang='grc'><strong>3331</strong></span> <span class='ocrx_word' id='word_1_327' title='bbox 508 3966 571 4028; x_wconf 86' lang='lat' dir='ltr'><strong>fere</strong></span> <span class='ocrx_word' id='word_1_328' title='bbox 591 3987 645 4050; x_wconf 91' lang='lat' dir='ltr'><strong>per</strong></span> <span class='ocrx_word' id='word_1_329' title='bbox 665 3965 840 4028; x_wconf 78' lang='lat' dir='ltr'><strong>humanum</strong></span> <span class='ocrx_word' id='word_1_330' title='bbox 861 3967 1022 4046; x_wconf 73' lang='lat' dir='ltr'><strong>ingenium</strong></span> <span class='ocrx_word' id='word_1_331' title='bbox 1044 3966 1170 4042; x_wconf 81' lang='lat' dir='ltr'><strong>licebat,</strong></span> 
     </span>
    </p>
   </div>
   <div class='ocr_carea' id='block_1_6' title="bbox 123 4137 1226 4348">
    <p class='ocr_par' dir='ltr' id='par_1_6' title="bbox 123 4137 1226 4348">
     <span class='ocr_line' id='line_1_37' title="bbox 158 4137 1226 4208; baseline 0 -20"><span class='ocrx_word' id='word_1_332' title='bbox 158 4143 166 4165; x_wconf 92' lang='lat'>¹</span> <span class='ocrx_word' id='word_1_333' title='bbox 185 4141 259 4203; x_wconf 79' lang='lat' dir='ltr'><strong>Syllo,</strong></span> <span class='ocrx_word' id='word_1_334' title='bbox 273 4141 373 4208; x_wconf 70' lang='grc'><strong>33931113</strong></span> <span class='ocrx_word' id='word_1_335' title='bbox 386 4159 414 4189; x_wconf 84' lang='lat' dir='ltr'><strong>en</strong></span> <span class='ocrx_word' id='word_1_336' title='bbox 427 4143 478 4206; x_wconf 78' lang='lat' dir='ltr'><strong>cinq</strong></span> <span class='ocrx_word' id='word_1_337' title='bbox 488 4151 561 4200; x_wconf 80' lang='lat' dir='ltr'><strong>netes,</strong></span> <span class='ocrx_word' id='word_1_338' title='bbox 575 4159 620 4205; x_wconf 81' lang='lat' dir='ltr'><strong>par</strong></span> <span class='ocrx_word' id='word_1_339' title='bbox 630 4143 656 4187; x_wconf 85' lang='grc' dir='ltr'><strong>Ε.</strong></span> <span class='ocrx_word' id='word_1_340' title='bbox 669 4143 744 4196; x_wconf 80' lang='lat' dir='ltr'><strong>Jour,</strong></span> <span class='ocrx_word' id='word_1_341' title='bbox 758 4141 786 4187; x_wconf 85' lang='lat' dir='ltr'><strong>de</strong></span> <span class='ocrx_word' id='word_1_342' title='bbox 798 4137 936 4185; x_wconf 69' lang='lat' dir='ltr'><strong>l‘Academie</strong></span> <span class='ocrx_word' id='word_1_343' title='bbox 942 4137 1068 4206; x_wconf 71' lang='lat' dir='ltr'><strong>franpai&#39;se.</strong></span> <span class='ocrx_word' id='word_1_344' title='bbox 1084 4143 1110 4186; x_wconf 91' lang='lat' dir='ltr'><strong>ln</strong></span> <span class='ocrx_word' id='word_1_345' title='bbox 1125 4157 1170 4203; x_wconf 80' lang='grc'><strong>333</strong></span> <span class='ocrx_word' id='word_1_346' title='bbox 1222 4175 1226 4189; x_wconf 84' lang='grc'><strong>,</strong></span> 
     </span>
     <span class='ocr_line' id='line_1_38' title="bbox 125 4207 1172 4277; baseline -0.004 -15"><span class='ocrx_word' id='word_1_347' title='bbox 125 4215 202 4262; x_wconf 72' lang='lat' dir='ltr'><strong>ronta</strong></span> <span class='ocrx_word' id='word_1_348' title='bbox 214 4215 340 4261; x_wconf 75' lang='lat' dir='ltr'><strong>Dicutoris</strong></span> <span class='ocrx_word' id='word_1_349' title='bbox 350 4225 426 4277; x_wconf 75' lang='lat' dir='ltr'><strong>parm</strong></span> <span class='ocrx_word' id='word_1_350' title='bbox 437 4229 508 4277; x_wconf 72' lang='lat' dir='ltr'><strong>egene</strong></span> <span class='ocrx_word' id='word_1_351' title='bbox 518 4224 599 4261; x_wconf 77' lang='lat' dir='ltr'><strong>notter</strong></span> <span class='ocrx_word' id='word_1_352' title='bbox 609 4211 647 4260; x_wconf 83' lang='lat' dir='ltr'><strong>ille</strong></span> <span class='ocrx_word' id='word_1_353' title='bbox 658 4213 753 4260; x_wconf 80' lang='grc'><strong>11333133</strong></span> <span class='ocrx_word' id='word_1_354' title='bbox 767 4207 877 4272; x_wconf 66' lang='lat' dir='ltr'><strong>(rauna)</strong></span> <span class='ocrx_word' id='word_1_355' title='bbox 892 4219 928 4256; x_wconf 79' lang='lat' dir='ltr'><strong>tot</strong></span> <span class='ocrx_word' id='word_1_356' title='bbox 942 4211 985 4258; x_wconf 77' lang='lat' dir='ltr'><strong>eibi</strong></span> <span class='ocrx_word' id='word_1_357' title='bbox 999 4211 1172 4275; x_wconf 72' lang='lat' dir='ltr'><strong>complodentes</strong></span> 
     </span>
     <span class='ocr_line' id='line_1_39' title="bbox 123 4283 935 4348; baseline -0.011 -11"><span class='ocrx_word' id='word_1_358' title='bbox 123 4287 197 4348; x_wconf 71' lang='lat' dir='ltr'><strong>rapit,</strong></span> <span class='ocrx_word' id='word_1_359' title='bbox 210 4297 268 4348; x_wconf 64' lang='grc' dir='ltr'><strong>(μα</strong></span> <span class='ocrx_word' id='word_1_360' title='bbox 278 4296 334 4336; x_wconf 71' lang='lat' dir='ltr'><strong>unt</strong></span> <span class='ocrx_word' id='word_1_361' title='bbox 343 4284 416 4334; x_wconf 84' lang='grc'><strong>333113</strong></span> <span class='ocrx_word' id='word_1_362' title='bbox 426 4295 451 4334; x_wconf 80' lang='lat' dir='ltr'><strong>et</strong></span> <span class='ocrx_word' id='word_1_363' title='bbox 461 4285 557 4334; x_wconf 70' lang='lat' dir='ltr'><strong>nuribus</strong></span> <span class='ocrx_word' id='word_1_364' title='bbox 568 4285 592 4332; x_wconf 89' lang='lat' dir='ltr'><strong>in</strong></span> <span class='ocrx_word' id='word_1_365' title='bbox 604 4299 696 4334; x_wconf 81' lang='grc'><strong>3333313</strong></span> <span class='ocrx_word' id='word_1_366' title='bbox 706 4283 777 4331; x_wconf 74' lang='lat' dir='ltr'><strong>deflui</strong></span> <span class='ocrx_word' id='word_1_367' title='bbox 787 4290 935 4344; x_wconf 72' lang='lat' dir='ltr'><strong>nprctetoree.</strong></span> 
     </span>
    </p>
   </div>
   <div class='ocr_carea' id='block_1_7' title="bbox 0 0 1588 5124">
    <p class='ocr_par' dir='ltr' id='par_1_7' title="bbox 0 0 1588 5124">
     <span class='ocr_line' id='line_1_40' title="bbox 0 0 1588 5124; baseline 0 0"><span class='ocrx_word' id='word_1_368' title='bbox 0 0 1588 5124; x_wconf 95' lang='lat' dir='ltr'><strong> </strong></span> 
     </span>
    </p>
   </div>
  </div>
 </body>
</html>
