3040 5118
378 576 537 640 OCTAV.
565 577 823 642 AUGUSTUS.
1056 579 1120 643 313

92 705 221 772 molanti
235 705 386 769 omnium
397 705 608 770 victimarum
618 701 768 794 jecinora
780 701 953 795 replicata⁵
969 707 1124 772 intrinse-

92 840 146 884 cus
169 815 211 882 ab
236 819 301 881 ima
323 812 408 881 fibra
432 830 635 906 paruerunt,
662 816 796 881 nemine
818 817 1004 906 peritorum
1029 814 1124 883 aliter

92 923 310 1016 conjectante,
326 949 426 1018 quam
439 922 514 990 laeta
526 922 670 1015 perhanc
684 939 718 990 et
727 947 849 1015 magna
860 923 1023 1016 portendi.

133 1041 243 1105 XCVI.
272 1039 361 1122 Quin
380 1053 413 1101 et
430 1034 598 1102 bellorum
618 1037 769 1101 omnium
788 1051 927 1103 eventus
945 1054 1023 1103 ante
1040 1061 1126 1130 prae·

93 1150 199 1214 sensit.
217 1147 418 1212 Contractis*
442 1144 485 1211 ad
509 1147 692 1211 Bononiam
713 1147 988 1212 Triumvirorum
1003 1147 1125 1238 copiis,

91 1256 216 1351 aquila,
237 1257 380 1323 tentorio
399 1252 470 1346 ejus
490 1253 730 1346 supersedens,
752 1253 837 1320 duos
856 1277 974 1321 corvos
995 1254 1074 1321 hinc
1094 1273 1128 1321 et

92 1366 166 1434 inde
178 1367 369 1434 infestantes
381 1363 515 1449 afflixit,
530 1382 563 1432 et
575 1363 618 1431 ad
630 1382 753 1431 terram
765 1363 873 1448 dedit,
888 1379 1024 1432 notante
1036 1367 1128 1432 omui

94 1483 253 1562 exercitu,
272 1480 419 1548 futuram
438 1479 641 1573 quandoque
659 1480 746 1544 inter
764 1475 907 1568 collegas
927 1475 1126 1544 discordiam

93 1591 209 1673 talem,
229 1588 336 1685 qualis
356 1606 471 1656 secuta
484 1581 551 1672 est,
573 1605 673 1682 atque
692 1591 818 1654 exitum
834 1589 1064 1680 praesagiente.
1089 1592 1128 1652 In

93 1700 284 1794 Philippis²,
298 1699 480 1768 Thessalus
495 1699 631 1794 quidam
650 1698 691 1766 de
712 1698 824 1764 futura
839 1699 977 1764 victoria
995 1697 1130 1762 nuncia-

93 1816 154 1895 vit,
169 1829 304 1880 auctore
317 1818 357 1880 D.
371 1817 516 1894 Caesare,
531 1810 629 1904 cujus
641 1810 704 1878 sihi
718 1813 844 1903 species
859 1813 977 1876 itinere
990 1810 1065 1874 avio
1078 1831 1129 1874 oc·

94 1925 260 1990 currisset.
276 1923 370 1988 Circa
385 1925 574 2004 Perusiam,
594 1917 772 1988 sacrificio³
789 1943 856 1986 non
870 1918 1003 1999 litante,
1023 1941 1130 2012 quum

86 2033 227 2127 augerii
249 2035 377 2103 hostias
400 2036 612 2125 imperasset,
637 2057 676 2100 ac
694 2031 803 2100 subita
824 2034 1000 2123 eruptione
1018 2029 1131 2096 hostes

95 2170 229 2213 omnem
248 2148 295 2213 rei
310 2144 430 2213 divinae
444 2161 643 2237 apparatum
658 2142 893 2224 abstulissent,
918 2142 1065 2208 constitit
1084 2143 1132 2205 in-

96 2272 142 2323 ter
163 2255 379 2347 haruspices,
407 2279 483 2349 quae
503 2254 691 2346 periculosa
714 2268 748 2319 et
769 2252 910 2320 adversa
937 2251 1133 2319 sacrificanti

97 2366 293 2434 denunciata
307 2383 436 2448 essent,
457 2381 577 2432 cuncta
598 2367 632 2432 in
651 2364 725 2432 illos
743 2387 899 2431 recasura
916 2365 974 2457 qui
990 2377 1066 2428 exta
1080 2359 1135 2426 ha·

96 2478 223 2547 herent.
248 2483 363 2571 Neque
383 2477 478 2544 aliter
499 2478 619 2544 evenit.
644 2475 768 2559 Pridie,
790 2473 908 2570 quam⁵
933 2472 1135 2541 Siciliensem

97 2690 204 2745 sumque
213 2671 407 2746 duplicaturum
418 2677 485 2726 intra
496 2691 593 2725 aunum
674 2674 764 2726 XCVI.
793 2689 814 2724 ι.
839 2669 979 2723 Contractis
997 2669 1033 2720 acl
1050 2667 1137 2719 Bono-

97 2751 268 2823 imperinm.»
641 2753 729 2816 niam,
742 2762 791 2801 etc.
806 2749 882 2800 Conf.
897 2749 963 2810 Dio,
981 2747 1088 2810 XLVII,
1108 2761 1137 2806 1;

70 2834 74 2840 ’
132 2829 155 2882 5.
170 2830 315 2902 Replicata.
328 2832 414 2882 Docta
427 2843 466 2882 est
477 2848 557 2900 super
567 2827 594 2880 h.
640 2833 733 2882 Zonar.
747 2831 788 2897 X,
805 2831 843 2882 16.

99 2907 116 2960 l.
125 2908 268 2980 disputatio
276 2909 504 2981 Eorwerclii,qua
513 2913 599 2961 osten?
678 2928 700 2960 2.
721 2910 754 2960 In
764 2907 909 2981 Philippis,
922 2918 972 2958 etc.
986 2905 1064 2958 Conf.
1073 2904 1140 2970 Dio,

100 2986 152 3056 dit,
162 2989 279 3060 jecinora
296 2988 434 3060 replicata,
451 2975 536 3053 daal,
551 3006 596 3039 seu
642 2988 748 3055 XLVII,
761 2988 804 3054 41.

100 3069 229 3139 duplicia,
241 3068 376 3139 duplicata
392 3069 436 3140 (ut
450 3068 508 3119 val.
527 3069 597 3120 Max.
678 3067 703 3118 3.
713 3064 908 3138 Sacnfleionon
917 3063 1017 3116 litante.
1026 3064 1140 3115 ItaGrae-

100 3148 125 3215 1,
138 3147 167 3216 6,
179 3167 212 3218 9,
226 3159 304 3220 capnt
313 3149 434 3218 jecinoris
448 3147 545 3219 duplex
556 3145 598 3198 di-
643 3151 679 3200 cis
699 3147 803 3200 victima
821 3147 878 3217 ipsa
897 3142 992 3196 dicitur
1010 3141 1140 3210 antiquis.

102 3225 163 3297 cit),
175 3224 419 3297 essepraeqrandia,
430 3224 535 3278 solitam
543 3244 599 3291 ma·
642 3226 708 3278 Vide
719 3225 876 3297 Wesseling.
895 3222 929 3276 ad
944 3222 1073 3276 Herodot.
1090 3221 1142 3288 IX,

101 3307 262 3377 gnitudinem
278 3297 438 3358 excedentia.
459 3307 599 3377 Comparat
647 3325 692 3376 19,
702 3319 728 3357 et
737 3304 853 3359 Schafer.
865 3303 899 3356 ad
909 3303 999 3355 Lamb.
1012 3306 1071 3354 Bos.
1080 3319 1141 3373 pag.

51 3408 53 3411 ’
102 3383 436 3450 Cic.deDivin.l,14,
463 3383 599 3435 «tenebrae
646 3385 713 3446 2133
734 3384 766 3434 de
784 3385 841 3434 Lat.
865 3379 1094 3446 litare,0ndend.
1110 3377 1144 3430 ad

102 3463 332 3536 conduplicantur,·
343 3486 353 3510 a
364 3463 390 3514 id
398 3476 449 3530 est,
458 3477 599 3534 eugenium
644 3467 741 3516 Lucan.
752 3465 804 3530 Vl,
815 3462 884 3528 523,
897 3475 923 3512 et
935 3460 968 3512 ad
979 3460 1004 3512 h.
1017 3460 1032 3512 l.
1043 3480 1049 3521 ;
1060 3462 1142 3530 Heyn.

103 3543 134 3596 ad
156 3544 273 3594 Herenn.
296 3543 349 3610 Ill,
371 3543 405 3609 4,
430 3541 603 3614 ndupllcatur
645 3543 680 3596 ad
691 3541 781 3612 Virgil.
796 3539 1009 3607 AEneid.lV,5o.

101 3622 258 3686 voluntas„
281 3623 297 3672 i.
318 3641 340 3673 e.
360 3633 486 3690 augetur,
509 3619 599 3691 Virgil.
681 3623 706 3688 4.
725 3621 824 3693 Anpcri
842 3620 952 3681 Ionias,-
972 3618 1049 3669 aliam
1065 3634 1145 3686 super

103 3701 155 3752 Bel.
164 3703 257 3770 11,67,
268 3724 279 3746 ι
287 3699 325 3752 sol
334 3699 598 3770 duplicaturnbras,·
647 3699 723 3753 aliam
734 3697 846 3764 adduci,
856 3697 941 3748 donec
954 3696 1024 3747 bona
1036 3708 1094 3745 exta
1106 3713 1146 3746 re-

8 3811 14 3822 =·
104 3785 144 3834 cui
154 3779 309 3852 respondet,
319 3782 429 3852 majores
437 3779 533 3830 cadunt
544 3797 602 3829 um·
647 3781 764 3850 perisset.

104 3864 223 3928 lrre,etc.
238 3861 382 3924 Nimirum,
391 3857 425 3910 ob
434 3860 539 3910 nimiam
550 3877 604 3911 nra·
685 3857 708 3909 5.
729 3855 830 3921 Pridie,
841 3873 918 3927 qnam
930 3851 1088 3906 Siciliensem
1099 3869 1148 3923 pn·

104 3938 604 4014 gnitudiuemitnsereplicuerantexta,
647 3957 745 4012 poam,
763 3950 812 3987 etc.
833 3936 883 3985 Dio
895 3972 903 3999 ,
917 3935 1013 3999 XLIX,
1030 3934 1064 3998 5,
1085 3944 1148 4003 post

105 4034 133 4072 ut
147 4019 264 4092 duplicia
277 4019 435 4071 viderentur.
454 4047 489 4056 -
506 4019 606 4069 Parae·
651 4035 704 4068 rem
721 4013 791 4086 apud
806 4012 920 4066 Siciliam
932 4011 1000 4064 male
1011 4023 1111 4083 gestam
1121 4009 1149 4062 id

106 4112 173 4152 runt.
194 4103 264 4166 Dio,
287 4093 390 4167 sipisim
412 4095 478 4149 Plio.
507 4107 606 4169 reperta
651 4093 776 4145 accidisse
789 4093 911 4160 Angusto
923 4103 1020 4140 narrat.
1037 4087 1102 4140 Plio.
1116 4089 1148 4139 ll.

105 4193 170 4232 sarit.
183 4183 277 4252 Inepte
286 4178 347 4230 olim
358 4176 431 4230 editt.
439 4215 446 4242 ,
455 4189 604 4250 patuerunt.
650 4174 683 4228 N.
696 4173 747 4238 IX,
763 4173 794 4224 16
803 4169 813 4240 (
821 4170 883 4242 22):
900 4167 1008 4224 «Siculo
1018 4168 1089 4222 bello
1098 4187 1151 4221 am·

107 4257 182 4309 Conl.
196 4255 319 4312 Oudend.
335 4253 376 4308 ad.
390 4254 416 4306 h.
429 4255 446 4307 l.
650 4251 758 4303 nutante
773 4251 798 4301 in
812 4248 888 4316 lirare
901 4248 1125 4320 Augusto,piscis
1137 4266 1151 4299 e
