3122 5134
541 575 578 642 C.
601 563 854 649 SUETONll.
1142 585 1229 644 amu·

210 685 299 759 1688.
311 697 346 762 G.
359 691 523 760 Suetonius
531 697 745 782 Tranquillus:
756 719 829 760 cum
839 697 935 761 isaaci
945 699 1119 762 casauboni
1128 699 1228 761 anim-

167 790 401 856 ttdvcrsionibus
417 808 448 857 et
460 795 724 857 dissertationibus
738 796 870 880 politicis
884 794 954 857 Joh.
972 799 1068 858 Henr.
1084 796 1226 872 Buecleri,
1322 803 1329 816 '

165 880 305 985 itemque
316 891 473 954 uberrimo
485 893 601 955 lndice.
611 895 824 976 Argentorati,
834 894 1008 978 sumptibus
1018 895 1106 956 toste
1118 893 1228 954 Staede·

166 985 215 1048 lii.
229 1007 430 1050 uncnxxxux.
443 989 473 1070 4.

212 1086 297 1166 1690.
313 1087 416 1148 Ρ111101
431 1109 452 1146 1.
468 1089 501 1148 C.
517 1088 654 1148 Suetonii
667 1087 841 1170 Tranquilli
853 1087 972 1170 Opera,
986 1101 1016 1148 et
1028 1089 1062 1149 in
1073 1087 1126 1148 illa
1139 1107 1225 1148 com-

165 1184 340 1244 mentarius
352 1184 500 1246 Samuelis
513 1186 612 1248 Pitisci
622 1231 629 1262 ‚
641 1206 705 1267 quo
718 1186 922 1268 Antiquitates
932 1188 1094 1262 Romanae,
1106 1199 1174 1245 tum
1186 1185 1226 1244 eb

165 1281 389 1363 interpretibus
410 1285 609 1360 doctissimis,
631 1285 797 1362 Beroaldo,
818 1299 848 1347 et
866 1307 962 1369 quam
981 1286 1121 1368 plurimis
1140 1284 1225 1360 aliis,

164 1377 372 1460 explicantur.
383 1379 513 1462 Trajecti
525 1380 564 1440 ad
577 1379 734 1458 Rhenum,
747 1401 783 1442 011
795 1380 923 1442 officina
934 1381 1090 1442 Francisci
1102 1381 1225 1440 Halma.

165 1498 185 1536 n
201 1477 276 1538 voll.
291 1481 319 1539 8.
334 1499 406 1540 curn
422 1478 496 1561 figg.
511 1481 544 1540 in
559 1501 599 1542 aes
613 1481 725 1542 incisis.

207 1611 249 1624 -
259 1577 389 1654 Oxonii,
404 1601 421 1640 e
434 1578 556 1640 theatro
571 1578 790 1640 Sbeldoniano.
806 1581 835 1640 8.
850 1580 1001 1662 Repetitio
1014 1577 1062 1640 ed.
1079 1578 1164 1658 1676.

213 1675 300 1754 1691.
312 1677 407 1758 Hagae
421 1677 560 1738 Comitis.
572 1675 601 1753 4.
615 1679 650 1737 ln
660 1699 737 1760 qua,
749 1679 803 1739 etsi
813 1679 918 1738 minus
928 1677 1089 1738 emendate
1098 1677 1226 1759 repetita

162 1770 303 1834 editione
314 1774 477 1836 Groeviaua
494 1777 579 1859 1672,
593 1789 703 1857 praeter
714 1775 829 1859 efligies
842 1778 1070 1859 Imperatorum
1081 1797 1118 1838 ex
1134 1797 1226 1836 num·

162 1870 227 1930 mis
240 1869 325 1930 Guil.
338 1873 488 1947 Coetierii,
501 1875 634 1934 Rectoris
645 1875 887 1952 nannetensis,
900 1889 930 1936 et
941 1874 1026 1934 Guil.
1039 1875 1133 1935 Goesii
1147 1876 1226 1936 Con·

158 1969 320 2052 jectunea,
332 1973 429 2052 Hagae
442 1973 598 2033 Comitum
614 1974 698 2055 1678,
713 1971 742 2050 4,
756 1974 885 2035 seorsim
897 1973 994 2048 edite,
1007 1994 1063 2034 nec
1076 1973 1226 2054 poeniten·

162 2065 208 2126 da
220 2066 336 2126 Graevit
349 2070 428 2128 notis
442 2069 605 2151 separatim
618 2067 771 2150 adjunctis
783 2081 950 2151 augmenta
965 2082 1164 2131 accesserunt.

209 2199 249 2208 -—
260 2165 606 2254 Graeviana11.'l'rajecti
617 2167 656 2227 ud
668 2163 764 2228 Rhen.
778 2165 806 2244 d.
819 2190 854 2228 ex
865 2170 1042 2228 recensione
1053 2169 1070 2226 J
1073 2188 1102 2227 0.
1113 2169 1224 2247 Georg.

164 2261 299 2339 Graevii,
316 2285 387 2324 cum
402 2263 540 2346 ejusdem
555 2265 892 2341 animadversionibus,
910 2279 945 2327 ut
962 2278 990 2326 et
1006 2266 1227 2326 commentario

163 2361 291 2442 integro
306 2363 422 2426 Lavini
435 2365 606 2438 Torrentii,
626 2365 664 2424 ls.
684 2364 875 2440 Casnuboni,
895 2379 926 2426 et
940 2362 1055 2424 Theod.
1075 2361 1227 2436 Marcilii,

163 2481 226 2522 nec
238 2481 305 2521 non
317 2461 432 2524 selectis
444 2462 588 2523 aliorum.

212 2559 298 2640 1695.
318 2563 399 2621 Cum
417 2558 599 2636 Boxhornii‚
614 2560 789 2635 Torrentii,
808 2560 1003 2635 Casauboni,
1019 2559 1134 2621 Graevii
1152 2557 1227 2618 alio·

164 2677 304 2737 rumque
318 2659 415 2732 uotis,
430 2671 593 2718 accurante
605 2657 686 2718 Dan.
699 2658 897 2718 Hartnecci0.
911 2657 1044 2719 Dresdae.
1061 2678 1107 2718 11.

213 2755 299 2837 1697.
316 2755 361 2816 Ex
378 2756 555 2817 recensione
569 2755 700 2832 Graevii,
714 2777 739 2815 c.
756 2755 891 2836 ejusdem
906 2753 1232 2816 animadversionibus

163 2866 200 2916 et
210 2856 349 2914 nummis
363 2856 518 2915 Caesarum
533 2874 593 2918 aere
604 2854 714 2914 incisis.
731 2854 855 2914 Amstel.
871 2853 900 2913 8.

103 2959 107 2966 '
212 2951 300 3030 1698.
314 2951 348 3012 C.
359 2951 496 3014 Suetonii
508 2954 622 3034 Tranq.
634 2953 703 3012 vitae
717 2967 763 3011 111
777 2954 948 3026 Caesarum,
968 2961 998 3010 et
1015 2969 1084 3031 quae
1102 2970 1137 3008 ex
1156 2947 1226 3008 illu·-

164 3048 285 3109 stribns
293 3049 511 3110 Grammaticis
522 3070 557 3109 ac
566 3049 654 3110 claris
662 3046 849 3110 Rhetoribus
858 3061 1109 3130 supersunt,eum
1119 3046 1232 3128 prioris

165 3145 267 3228 partis
278 3143 446 3208 collatione
455 3146 535 3206 facta
548 3169 566 3206 a
578 3146 624 3209 Cl.
636 3146 783 3206 Salmasio
793 3146 833 3204 ad
843 3145 900 3204 Ms.
912 3145 1056 3206 Codicem
1066 3145 1229 3204 Memmia-

163 3263 248 3303 num
261 3233 390 3324 integra.
403 3242 536 3325 Adjectis
547 3242 817 3303 emendationibus
829 3243 892 3301 Jac.
907 3241 1070 3301 Gronovii.
1082 3241 1229 3321 Lugduni
1317 3264 1318 3272 ¹

164 3343 235 3401 Eat.
253 3361 288 3402 ex
305 3340 387 3402 offic.
400 3337 473 3402 Joh.
486 3340 525 3401 de
534 3342 623 3400 Vivie
635 3354 664 3402 et
677 3343 715 3400 ls.
735 3340 881 3400 Severini.
900 3361 945 3399 12.
958 3339 1112 3416 -Quam
1131 3341 1227 3398 Erne-

164 3440 248 3500 stius
261 3437 335 3498 dicit
351 3460 369 3498 a
382 3439 486 3498 critica
501 3439 622 3498 ratione
639 3439 673 3496 in
687 3450 771 3496 textu
787 3435 1009 3496 constituendo
1024 3437 1189 3516 egregiam.

214 3556 300 3615 1700.
315 3537 349 3596 C.
363 3536 527 3596 Suetonius
538 3538 652 3618 Tranq.
666 3555 739 3596 cum
751 3534 1011 3595 annotationibus
1025 3534 1231 3594 diversorum,

164 3632 296 3693 Amstel.
309 3631 485 3714 sumptibus
500 3634 658 3695 societatis.
679 3632 723 3693 16.

211 3732 296 3812 1703.
309 3730 474 3793 Graeviana
485 3751 534 3808 111,
545 3753 642 3815 eaque
653 3731 901 3814 locupletissima.
913 3735 947 3792 C.
957 3732 1121 3792 Suetonius
1129 3730 1230 3788 Trana

163 3827 300 3910 quillus,
316 3849 351 3888 ex
367 3831 544 3891 recensione
556 3833 603 3890 Jo.
618 3831 730 3910 Georg.
746 3831 876 3904 Graevii,
890 3851 962 3890 cum
977 3827 1113 3910 ejusdem
1126 3829 1227 3886 anim-

164 3925 416 4004 adversionibus,
433 3941 469 3988 ut
488 3941 518 3988 et
539 3929 765 3989 commentario
786 3931 904 4010 integro
924 3927 1041 3988 Laevini
1059 3926 1232 4001 Torrentli,

162 4026 206 4086 Is.
218 4025 410 4103 Caseuboni,
420 4025 535 4089 Theod.
547 4027 696 4102 Marcilii,
709 4041 822 4088 etcum
835 4026 918 4087 notis
930 4047 965 4086 ac
975 4024 1228 4100 numismatibus,

161 4123 280 4205 quibus
294 4122 463 4186 illustratus
474 4137 518 4186 est
533 4147 552 4184 a
565 4126 635 4185 Car.
651 4126 773 4185 Patino.
790 4125 946 4185 Accedunt
962 4137 1044 4181 notae
1060 4120 1229 4182 selectiores
1277 4159 1282 4182 r

162 4221 310 4286 aliorum.
320 4223 425 4286 Editio
433 4224 538 4303 tertia,
550 4225 672 4288 auctior
682 4237 712 4286 et
721 4223 924 4290 emendatior.
932 4217 1067 4301 Trajecti
1080 4221 1117 4280 ad
1128 4218 1227 4280 Rhen·
