2982 5116
374 571 439 652 als
744 572 780 636 C.
806 517 1038 638 sustollit

372 721 434 766 sno
447 695 628 764 offerebat:
645 695 798 791 nullique
813 701 949 766 Graeoet
971 697 1142 764 certamini
1158 696 1322 780 interfuit,
1337 720 1400 792 quo

371 831 441 876 non
450 830 516 904 pro
529 809 648 874 merito
662 810 860 874 certantium
877 807 1064 904 quemque⁸
1078 807 1259 898 honorarit,
1277 812 1401 902 Specta·

371 919 540 985 vitantem
553 915 951 1010 studiosissime⁹pugiles
960 971 968 998 ,
977 933 1010 985 et
1018 920 1162 986 maxime
1173 920 1309 984 Latinos
1321 945 1328 982 :
1339 943 1401 986 non

371 1025 535 1120 legitimos
553 1043 654 1123 atque
672 1027 859 1096 ordinarios
870 1039 894 1068 ¹⁰
908 1028 1026 1112 modo,
1042 1053 1127 1124 quos
1146 1031 1245 1096 etiarn
1265 1032 1400 1098 commit·

373 1159 442 1210 tere
458 1167 536 1212 cum
552 1147 676 1212 Graecis
696 1143 839 1228 solebat,
859 1142 917 1210 scd
937 1160 970 1211 et
992 1145 1194 1236 cateruarios¹
1208 1141 1399 1235 oppidanos,

370 1258 458 1323 inter
477 1259 647 1348 angustias
666 1259 815 1326 vicorum
834 1273 1022 1348 pugnantes
1042 1271 1167 1323 temere
1181 1279 1220 1321 ac
1239 1259 1309 1322 sine
1326 1271 1398 1321 arte.

371 1369 574 1435 Universum
585 1365 729 1462 denique
741 1391 846 1460 genus
859 1391 977 1460 operas
995 1367 1123 1461 aliquas
1135 1365 1271 1458 publico
1284 1379 1400 1457 specta·

371 1475 448 1548 culo
464 1477 686 1570 praebentium
698 1481 800 1566 etiam
817 1503 897 1545 cura
913 1502 973 1545 sua
985 1477 1139 1570 dignatus
1153 1495 1214 1542 est.
1228 1473 1364 1542 Athletis
1374 1489 1402 1540 et

372 1589 581 1683 conservavit
608 1587 797 1680 privilegia,
828 1603 861 1654 et
889 1587 1069 1680 ampliavit.
1101 1584 1309 1654 Gladiatores
1339 1586 1402 1651 sine

371 1699 560 1765 missione¹¹
576 1696 629 1766 edi
642 1698 822 1792 prohibuit.
838 1702 1078 1768 coercitionem
1093 1702 1128 1766 in
1139 1698 1335 1778 histriones,
1347 1719 1403 1762 ma

372 1806 564 1895 gistratihus
580 1809 615 1874 iu
635 1811 727 1876 omni
741 1802 943 1901 tempore'et
963 1807 1037 1876 looo
1058 1806 1130 1900 lege
1148 1825 1262 1873 vetere
1278 1807 1405 1898 permis·

374 1937 460 1998 sam,
482 1916 621 2000 ademit,
643 1935 867 2012 praeterquam
887 1917 1010 1987 ludis¹²
1030 1935 1063 1985 et
1083 1941 1194 1985 scena.
1215 1923 1284 1984 Nec
1302 1933 1405 1982 tamen

374 2047 414 2094 eo
427 2028 539 2093 minus
558 2043 617 2094 aut
630 2033 833 2122 xysticorum
843 2028 867 2068 ¹³
891 2033 1104 2112 certationes,
1121 2046 1179 2096 aut
1193 2028 1406 2120 gladiatorum

373 2157 520 2227 pugnas,
533 2141 739 2208 severissime
756 2163 887 2233 semper
897 2139 922 2191 ¹4
935 2143 1053 2236 exegit.
1070 2145 1154 2206 Nam
1166 2139 1367 2206 histrionum
1378 2136 1408 2203 li·

412 2377 437 2430 7.
458 2363 546 2415 Groeco
558 2367 693 2417 certamini
697 2387 706 2426 ,·
720 2366 737 2417 i.
750 2387 772 2419 e.
784 2368 874 2420 Roma
918 2368 1004 2437 glecta
1015 2368 1056 2421 vel
1069 2367 1166 2420 violata
1180 2365 1290 2438 publica
1302 2364 1408 2416 oblecta·

376 2439 480 2510 lingua,
491 2461 577 2509 more,
587 2459 613 2496 et
622 2443 714 2498 habitu
724 2446 813 2497 Graeco
823 2445 875 2498 edi·
917 2449 997 2500 tione.
1011 2450 1051 2498 Ac
1063 2447 1191 2498 verbenam
1202 2446 1282 2497 etiam
1293 2445 1408 2494 immutata

377 2533 415 2570 to.
428 2518 479 2570 Alii
490 2524 633 2573 certamina
651 2525 679 2574 in
690 2525 790 2576 Gracia
804 2523 874 2576 edita
918 2525 1016 2577 fecerat
1023 2525 1163 2577 histriones
1172 2526 1322 2594 Augustus,
1334 2534 1362 2573 ut
1368 2521 1408 2570 'lt-

378 2597 536 2668 intelligunt.
918 2606 962 2656 cit.
977 2603 1072 2656 Annnl.
1083 2607 1110 2669 l,
1123 2621 1165 2673 77,
1178 2603 1225 2654 ubi
1239 2605 1274 2653 cf.
1289 2604 1357 2672 lips.
1370 2599 1407 2670 qui

414 2675 439 2728 8.
458 2677 609 2730 Honornrit.
626 2678 715 2730 Codex
734 2678 809 2746 alter,
827 2680 874 2732 lto·
918 2699 1035 2735 nostrum
1043 2684 1131 2735 locum
1139 2677 1407 2734 itaemendandunibi

378 2767 487 2822 noraret.
501 2758 531 2808 ln
544 2757 606 2810 edit.
619 2759 770 2824 Bremiana,
785 2759 874 2810 nescio
919 2762 1034 2822 censuit,
1053 2774 1083 2811 nt
1100 2759 1207 2828 legitur,
1228 2777 1294 2829 pro,
1312 2767 1407 2828 pretet·

378 2852 413 2886 nn
427 2834 569 2905 typothetae
581 2855 683 2904 errore,
695 2836 839 2890 honoravit.
919 2857 999 2910 quam
1008 2831 1405 2903 ludosctocennm,farentsssod

414 2929 439 2981 9.
460 2913 578 2986 Pupilesr
591 2916 635 2986 qui
646 2916 742 2987 pugnis
756 2929 783 2965 et
794 2916 876 2968 casti·
921 2917 1023 2978 Ursini,
1043 2915 1245 2971 assentientibus
1261 2916 1407 2974 Torrentio,

379 2989 430 3054 ltus
450 2992 623 3061 pugnabant,
646 2994 679 3044 de
700 2993 795 3064 quibus
816 2993 876 3044 vide
919 2996 1267 3063 Gasaub0n0‚Grutero,et
1276 2995 1406 3066 plerisque.

380 3072 487 3122 Panvin.
497 3069 530 3121 de
539 3071 620 3122 Ludis
629 3073 695 3124 Circ.
709 3073 800 3142 (Thes.
811 3088 874 3127 tom.
920 3075 1031 3128 Casuub.
1045 3079 1124 3127 suasit
1135 3077 1230 3138 etiam,
1241 3085 1334 3145 proeter
1343 3071 1408 3123 ludos

379 3153 430 3212 lxi
445 3167 506 3221 pafl-
522 3149 575 3200 316
589 3153 669 3221 aeq.).
919 3167 946 3208 et
955 3175 1071 3218 scenam,-
1086 3159 1173 3208 Burm.
1185 3167 1355 3228 proeterquntn
1366 3167 1409 3222 per

420 3244 459 3280 to.
480 3228 637 3281 ordinarios.
654 3230 734 3280 Erant
750 3229 812 3282 lecti
828 3229 876 3281 lto·
921 3233 992 3287 ludos
1007 3247 1033 3287 et
1043 3255 1091 3295 sc.,·
1110 3233 1234 3288 Oudend.
1248 3245 1406 3307 proeterqm

378 3311 480 3373 mines,
493 3309 537 3378 qui
546 3307 662 3377 legitimo
673 3319 805 3379 tempore,
816 3309 876 3360 loco
921 3313 947 3364 in
961 3312 1036 3364 lttdos
1046 3324 1071 3364 et
1079 3331 1126 3378 sc,
1138 3313 1203 3362 utin
1214 3311 1296 3362 altero
1307 3310 1354 3361 tls.
1365 3315 1405 3356 tat

373 3403 405 3441 ‚et
420 3400 549 3458 apparatu
563 3385 772 3449 inducebantur3
788 3389 823 3438 ita
838 3390 878 3438 in·
960 3395 998 3446 ¹3.
1017 3385 1406 3462 Xysticoru2123quiinxyttis,i

379 3465 526 3535 ira,Calig.
539 3465 877 3538 26,ordinarinsestappa·
921 3487 943 3520 e.
963 3470 1109 3542 porticibus
1127 3471 1203 3520 tectis
1221 3467 1332 3519 hiberno
1350 3477 1407 3514 nm·

379 3556 456 3597 ratus.
477 3574 514 3586 ·-
538 3545 679 3598 catervans·
703 3565 755 3596 non
781 3545 877 3615 singuli
921 3567 985 3620 pore
1002 3545 1164 3618 pugnabant.
1182 3547 1222 3596 Gi.
1237 3546 1342 3596 Pamin.
1354 3538 1370 3590 l·
1385 3555 1407 3588 ⁰·
1440 3558 1446 3569 ¹

350 3608 363 3634 ⁸
381 3643 441 3679 cum
451 3624 571 3695 singulis,
583 3624 630 3676 sed
639 3626 744 3676 confusi
754 3627 878 3696 mittique
922 3645 982 3697 pag.
1001 3627 1062 3678 301.
1080 3627 1325 3676 commemorantur
1338 3620 1408 3671 edan

379 3703 536 3776 pugnabant
548 3716 573 3754 et
585 3722 632 3774 per
643 3716 769 3755 catervas.
783 3705 819 3770 lta
832 3720 878 3754 eos
923 3705 999 3756 Galb.
1019 3708 1059 3758 15.

381 3781 503 3834 describit
514 3783 632 3852 Lipsius,
644 3783 748 3834 Satura.
761 3781 797 3845 ll,
813 3781 853 3832 16.
961 3783 999 3848 14.
1013 3779 1276 3854 Exeyit;disciplinte
1288 3775 1407 3836 astrinxit,

419 3877 458 3914 ιι.
478 3863 540 3914 Sine
555 3863 686 3922 missione;
705 3863 722 3911 i.
741 3880 764 3913 e.
782 3861 832 3924 ita,
849 3873 878 3911 ut
923 3873 1011 3913 exacta
1021 3862 1169 3913 decentibus
1177 3877 1271 3930 prena,
1284 3873 1312 3910 nt
1322 3857 1406 3907 Cursar-

380 3941 414 3992 ad
427 3956 538 3994 mortem
552 3959 670 4013 pugnare
684 3953 854 4012 cogerenturr
922 3942 964 4009 69.
975 3944 1013 3992 lta
1024 3943 1050 3992 in
1060 3939 1166 3992 Tiberio
1178 3955 1225 4008 19,
1237 3933 1408 4006 udisciplinm

420 4035 459 4069 ta.
478 4021 656 4091 Proeterquntn
671 4019 739 4072 tudes
752 4028 876 4076 atacem,
923 4027 1046 4074 acerrime
1064 4019 1184 4093 exegit„
1205 4019 1268 4070 Caes.
1288 4016 1335 4079 65,
1353 4027 1407 4061 rex·

380 4096 408 4150 h.
427 4116 451 4148 e.
473 4113 502 4150 ut
520 4118 551 4150 ea
571 4113 670 4152 tantum
690 4100 878 4171 punirentura
921 4111 993 4153 actor
1021 4101 1189 4169 gravissimus
1222 4094 1404 4166 disciplina·

381 4178 592 4246 magistratibus,
607 4199 664 4250 quae
676 4179 799 4231 ludorum
814 4192 878 4229 tem,-
922 4177 1014 4230 Claud.
1030 4177 1079 4242 34,
1097 4193 1210 4246 upoenas
1221 4174 1337 4246 exigebat.
1347 4167 1406 4258 '1¹3-

382 4275 447 4331 pore
466 4271 491 4307 et
509 4260 536 4307 in
551 4275 629 4309 scena
647 4271 813 4329 peccassent,
833 4275 878 4308 ne·
923 4270 1081 4327 terpretatur
1099 4269 1192 4306 auctor
1217 4256 1273 4324 ipse
1292 4259 1405 4322 proxim„
