3036 5124
465 514 707 623 Truentus.
1071 562 1137 642 445

77 683 282 767 abfuturus,
302 709 320 751 e
337 685 492 750 convivio
509 681 703 774 egrediens,
723 704 864 749 manum
882 683 945 750 sibi
964 685 1140 755 osculandi

78 817 187 862 causa
200 790 495 887 apprehendisset,
515 794 710 860 existimaus
728 807 872 859 tentatas
892 792 936 859 ah
955 817 996 861 eo
1017 820 1138 881 venas,

79 926 260 971 remanere
274 929 314 972 ac
327 901 525 972 recumbere
540 901 693 969 hortatus
705 917 775 983 est,
795 924 994 999 coenamque
1010 923 1140 998 protra-

79 1019 142 1082 xit.
168 1021 236 1084 Nec
253 1016 416 1084 abstinuit
439 1013 699 1098 consuetudine,
723 1015 807 1110 quin
827 1029 910 1083 tunc
928 1039 1064 1113 quoque
1087 1022 1139 1086 in-'

79 1136 197 1194 stans⁷
209 1129 243 1193 in
255 1124 367 1194 medio
380 1124 540 1209 triclinio,
553 1121 708 1192 adstante
720 1122 852 1208 lictore,
865 1126 1016 1218 singulos
1027 1123 1140 1197 valere

80 1234 235 1304 dicentes
249 1235 446 1329 appellaret.

133 1350 282 1414 LXXIII.
310 1349 465 1430 Interim,
481 1370 588 1441 quum
602 1350 638 1414 in
650 1350 731 1415 actis
744 1351 886 1417 Senatus
901 1347 1051 1441 legisset,
1071 1351 1142 1419 adi·
1230 1393 1233 1400 .

78 1461 207 1528 missos
223 1483 263 1527 ac
280 1484 324 1528 ne
342 1459 475 1528 auditos
487 1460 627 1555 quidem
638 1458 804 1556 quosdam
818 1485 936 1545 reos,»
959 1461 1141 1558 dequibus

80 1573 245 1654 strictim,
263 1587 297 1638 et
310 1571 395 1639 nihil
410 1572 520 1656 aliud,
539 1598 641 1668 quam
655 1575 845 1642 nominatos
858 1571 901 1640 ab
920 1571 1046 1658 indice,
1063 1579 1144 1644 scri-

80 1700 218 1775 pserat,
236 1708 299 1777 pro
316 1700 487 1753 contemto
506 1708 542 1752 se
559 1683 713 1753 habitum
729 1685 894 1767 fremens,
913 1702 1066 1780 repetere
1084 1692 1143 1756 Ca-

81 1819 186 1888 preas
207 1821 345 1891 quoquo
365 1795 468 1864 modo
490 1797 685 1880 destinavit,
706 1822 777 1865 nou
797 1814 923 1864 temere
944 1803 1142 1895 quicquam,

81 1907 212 1973 nisiex
233 1922 306 1973 tuto
328 1931 486 1975 ausurus.
509 1907 573 1976 Sed
591 1924 627 1975 et
647 1907 921 2001 tempestatibus,
940 1925 975 1974 et
992 1913 1144 2000 ingrave-
1183 1989 1184 1992 Ἴ

81 2031 202 2083 scente
216 2019 249 2084 vi
263 2016 374 2085 morbi
388 2032 556 2100 retentae,
569 2017 686 2110 paullo
698 2035 777 2111 post
790 2017 920 2085 obiitin
932 2017 1012 2086 villa
1023 2019 1144 2087 Lucul-

81 2126 186 2212 lana,
210 2141 348 2196 octavo¹
373 2146 407 2196 et
428 2133 679 2223 septuagesimo
703 2134 810 2199 astatis
833 2155 945 2216 anno,
969 2136 1092 2216 tertio&
1112 2153 1145 2201 et

83 2392 150 2425 rum
168 2375 267 2446 attigit:
282 2377 378 2446 Neque
396 2375 491 2428 fefellit
505 2399 511 2427 :
531 2396 593 2429 nam
639 2377 682 2445 51,
700 2379 764 2431 uSio
774 2377 896 2430 Tiberius
909 2377 1006 2447 finivit,
1018 2389 1108 2432 octavo
1120 2390 1147 2431 et

82 2451 229 2520 Tiberius,
253 2455 383 2506 incertum
405 2474 438 2506 an
458 2455 594 2522 offensus,
637 2459 823 2532 septuaqesimo
845 2459 929 2510 oetatt's
948 2477 1052 2510 anau·
1074 2460 1145 2524 Dio,

83 2546 219 2603 tantoque
233 2535 317 2604 magia
329 2533 395 2586 iram
406 2553 543 2606 premens,
558 2537 596 2587 iu·
637 2540 733 2604 LVIII,
754 2541 804 2602 28,
825 2537 881 2598 ὶβίω
900 2521 965 2589 imai
983 2534 1024 2588 nai
1042 2535 1145 2604 tertat-

84 2612 202 2664 staurari
219 2611 313 2685 epulas
330 2613 421 2684 jubet,
439 2613 595 2666 discumbit·
639 2635 710 2667 aerea
730 2615 784 2676 ira,
803 2613 843 2666 rai
861 2615 937 2681 pirae
955 2611 1085 2684 ricomer,
1104 2615 1145 2666 καὶ

84 2710 143 2762 que
164 2691 233 2744 ultra
253 2691 378 2754 solitum,
401 2694 477 2764 quasi
499 2691 595 2744 honori
639 2691 724 2764 ipim
736 2693 808 2747 uria.
821 2696 906 2746 Natus
921 2706 979 2746 erat
989 2701 1080 2746 'mense
1090 2697 1146 2746 No·

84 2770 211 2824 abeuntis
223 2773 301 2823 amici
312 2772 448 2824 tribueret.
462 2771 595 2825 Charicles
639 2772 740 2826 vembri
761 2791 823 2824 anu.
847 2787 896 2843 7¹²
916 2769 993 2842 (vide
1015 2791 1075 2843 cap.
1097 2771 1145 2844 5),

84 2865 195 2917 tamen,
213 2848 271 2901 tabi
291 2851 432 2920 spiritum,
454 2850 595 2903 nec-ultra
640 2852 1143 2923 mortuusestmenseMartioaua.790.

84 2930 202 2984 biduum
218 2929 392 2998 duraturum,
412 2933 533 2985 Macroni
551 2932 595 2984 fir·
640 2931 730 2984 Aurei.
745 2933 845 2998 Victor,
857 2933 926 3002 Epit.
942 2948 1003 3001 cap.
1022 2947 1052 2997 2,
1068 2953 1079 2977 a
1087 2942 1147 3004 post

85 3013 202 3064 mavit·
639 3010 857 3082 septuayetimum
869 3021 991 3061 octavum
1004 3027 1105 3060 anuum
1121 3022 1146 3062 et

128 3092 281 3160 7.1nstuns,·
291 3091 318 3143 h.
328 3110 350 3143 e.
361 3104 441 3143 stans.
451 3093 594 3144 Burmann.
640 3107 752 3140 mensem
765 3099 900 3159 quartum,
913 3109 924 3132 a
936 3085 1017 3153 falso,
1030 3100 1056 3138 et
1064 3088 1147 3157 majo·

87 3183 118 3224 et
133 3169 259 3224 Oudend.
279 3171 424 3243 explicent,
440 3190 550 3244 carycas,
567 3183 598 3222 ut
641 3189 669 3222 re
684 3188 774 3222 errore
789 3179 884 3220 auctor
902 3166 936 3220 de
955 3167 1049 3219 Caesar.
1071 3183 1094 3220 c.
1112 3167 1144 3231 3,

88 3262 261 3303 remanerent.
279 3249 313 3301 At
327 3249 354 3300 id
367 3251 453 3320 ipsum
471 3249 504 3302 ad
520 3249 597 3301 dissi·
645 3266 749 3318 equum
771 3247 911 3316 imperium
934 3257 985 3296 tres
1007 3258 1088 3316 atque
1105 3246 1146 3296 vi-

88 3328 425 3382 muiaudamvaietudinem
434 3328 597 3399 pertinebat,
641 3327 725 3395 giuti,
739 3325 787 3376 oevi
799 3323 982 3397 octoqerimum
995 3341 1047 3374 uno
1060 3323 1148 3374 minus

88 3407 166 3480 quod
184 3423 211 3460 et
229 3423 299 3460 stare
314 3427 343 3460 se
360 3407 470 3460 firmiter
482 3407 597 3479 pedibus
643 3424 727 3457 annos
747 3406 875 3475 egisset„
898 3406 1010 3474 Eutrop.
1030 3404 1094 3467 VII,
1113 3403 1146 3467 6,

86 3508 186 3564 posse,
200 3489 373 3557 ostendebat,
384 3501 409 3540 et
419 3508 470 3540 vox
484 3507 535 3540 nou
549 3489 598 3538 mi·
642 3498 672 3536 ut
682 3482 794 3548 assolet,
805 3482 959 3534 Suetonium
971 3481 1099 3552 sequitur.

87 3587 231 3640 nusquam
240 3565 597 3638 memoriaadappeiiaudos
679 3581 703 3614 a.
729 3562 816 3614 Tertio
840 3571 866 3612 et
888 3560 1008 3612 vicesimo
1033 3558 1145 3629 imperii.
1188 3583 1190 3590 Α

87 3649 210 3721 singulos
229 3649 317 3702 valere
330 3648 450 3701 dicentes
468 3660 597 3721 suppete-
641 3641 726 3694 Tacit.
740 3640 757 3693 I.
769 3659 793 3692 c.
808 3663 820 3686 a
829 3641 867 3691 rei
876 3641 1000 3691 Romanae
1010 3636 1146 3690 arbitrium

88 3729 146 3781 bat.
160 3730 254 3781 Parum
266 3726 414 3798 probabilis
427 3739 467 3779 est
476 3725 598 3779 emenda·
643 3723 722 3774 tribus
730 3721 818 3792 fenne
834 3731 859 3770 et
877 3719 971 3793 viqt'nti
984 3720 1061 3769 anuis
1076 3715 1147 3769 obti-

88 3809 129 3859 tio
141 3807 209 3872 Ioci,
224 3825 304 3878 quam
319 3806 365 3858 dat
378 3807 449 3876 Lips.
464 3805 499 3857 ad
511 3807 596 3857 Tacit.
642 3805 735 3866 nuit;r
752 3818 849 3870 nempe
861 3797 895 3850 ab
908 3817 971 3849 ann.
984 3797 1045 3867 767,
1061 3815 1146 3867 usque

87 3885 308 3954 Annat.1tt,63,
322 3884 597 3955 sautstansinmedio
643 3881 677 3934 ad
694 3899 755 3951 790·
773 3881 839 3944 Dio,
857 3878 874 3929 l.
891 3897 916 3930 c.
935 3877 974 3928 iar
988 3873 1032 3942 μὲν
1048 3873 1145 3962 diioui

88 3965 222 4032 triclinio,
237 3977 284 4017 aut
297 3976 367 4018 stans
381 3966 408 4015 in
428 3963 521 4031 litore,
542 3965 597 4016 sin·
643 3960 725 4020 tineos,
735 3959 809 4024 atra
821 3955 847 4009 di
860 3955 924 4009 irrui
934 3953 975 4007 ui
987 3955 1070 4025 ἐμίμς
1083 3955 1148 4008 im

88 4045 185 4116 gulos,
197 4059 248 4098 eto.
260 4069 271 4092 ιι
288 4043 343 4112 vei,
359 4055 428 4096 aaut
440 4055 536 4096 stans...
551 4055 597 4095 aut
643 4039 801 4110 ἱμονέρχκσι,
814 4058 846 4091 ex
857 4057 905 4090 sua
915 4038 1017 4089 scilicet
1028 4039 1144 4102 ratione,

87 4124 209 4194 editore,
225 4140 299 4177 eto·
643 4139 697 4192 qua
718 4121 764 4170 VII
784 4116 918 4169 Kalendas
937 4115 1022 4188 April.
1048 4114 1145 4167 defun-

127 4206 242 4258 LXXIII.
261 4224 284 4258 t.
298 4207 396 4259 Octavo
408 4205 596 4280 etsepttruqesi-
642 4215 716 4253 ctum
731 4218 792 4251 eum
805 4197 878 4250 dicit.
900 4197 967 4249 Vide
985 4195 1090 4248 Febric.
1109 4194 1145 4248 ad

88 4304 136 4340 mo
147 4287 231 4339 oetatt't
243 4303 322 4340 anuo.
336 4285 421 4338 Tacit.
435 4284 530 4338 Annei.
545 4286 595 4351 VI,
641 4281 713 4334 hunc
727 4279 824 4331 iocum.
