3122 5134
507 575 544 639 C.
567 568 817 640 SUETONll.
1110 587 1207 650 11111

133 703 228 781 (Ant.
241 718 303 760 van
314 695 394 760 Dale
404 697 582 758 Dissertatio
593 697 632 758 de
642 709 743 758 statne
758 694 876 760 Simoni
888 693 981 776 Mago
998 707 1109 775 erecta,
1128 719 1190 782 qua

134 798 298 860 omasione
315 798 417 879 agitur
435 794 474 855 de
491 794 619 856 Chresto
641 795 789 856 Suetonii.
805 795 927 854 -Post
945 797 1014 855 Ant.
1035 817 1096 857 ran
1114 797 1192 862 Dale

134 897 264 957 Dissert.
277 895 315 955 de
326 893 477 956 Oraculis.
492 896 586 953 Amst.
602 915 685 975 ¹7⁰0·
698 893 726 968 4.
741 914 771 974 p.
785 893 868 971 579.)
879 891 1023 976 intelligit
1034 895 1193 960 Christum

135 993 359 1068 redemtorem,
371 1003 402 1051 et
417 991 459 1051 sic
478 990 545 1065 alii,
565 992 647 1052 inter
661 1011 740 1072 quos
755 990 841 1051 Gisb.
858 991 997 1072 Cuperus
1009 993 1042 1052 in
1056 993 1193 1076 Epistola

105 1129 114 1144 .
135 1089 180 1150 de
189 1088 326 1150 Chresto.
334 1088 404 1149 Vid.
415 1089 530 1148 Lett'res
542 1086 580 1148 de
592 1087 743 1170 (lotique,
753 1087 792 1147 de
801 1088 982 1148 Litterature
993 1101 1023 1149 et
1033 1089 1195 1153 d’llistoire

137 1189 181 1250 da
193 1187 277 1250 Gish.
292 1189 403 1271 Cuper.
415 1190 512 1248 hmst.
529 1186 612 1270 1743.
625 1186 654 1262 4.
671 1209 700 1269 p.
715 1189 783 1266 ⁵⁰9·
798 1199 828 1246 et
840 1186 908 1246 Car.
923 1187 952 1248 la
968 1189 1065 1250 Motte
1079 1191 1112 1250 in
1126 1193 1195 1252 Dis-

137 1287 286 1348 sertation
301 1305 354 1346 sur
373 1283 404 1343 le
419 1305 493 1344 nom
508 1284 546 1344 de
565 1284 724 1359 chrestus,
741 1284 818 1343 dans
836 1283 966 1364 laquelle
983 1306 1025 1345 on
1040 1285 1097 1346 fait
1114 1290 1195 1365 voir,

137 1397 250 1447 contre
262 1383 413 1467 l'opinion
425 1384 562 1452 d'Uaher,
574 1405 633 1443 von
649 1383 738 1458 Dola,
754 1397 783 1442 et
801 1383 828 1442 le
843 1383 938 1459 Clare,
956 1404 1017 1465 que
1031 1385 1162 1450 Sue'tone
1177 1410 1195 1448 a

123 1482 281 1544 emendo
295 1503 354 1564 par
366 1480 396 1542 lh
408 1483 445 1542 N.
461 1483 489 1542 S.
502 1479 715 1541 lesus-Christ.
729 1483 813 1540 Dans
825 1479 854 1540 la
866 1480 1015 1541 Nouvelle
1028 1482 1197 1546 Bibliothe-

137 1601 205 1663 que
215 1582 250 1641 T.
264 1579 320 1655 lx,
336 1580 412 1640 tuin
428 1577 512 1662 1741,
529 1601 560 1661 p.
578 1579 645 1639 235.
663 1583 779 1639 Contra
794 1579 930 1639 Goetzius
943 1581 975 1639 in
993 1580 1094 1641 Celeh.
1112 1585 1197 1643 viro·

138 1699 217 1738 runt
231 1677 376 1760 Epistolis
391 1677 475 1737 dere
487 1679 718 1753 numisuratico‚
733 1677 856 1736 ll'ittcb.
873 1677 957 1760 1716.
973 1679 1000 1738 8.
1015 1677 1109 1742 Mich.
1123 1683 1198 1742 llos-

138 1771 190 1835 sal
201 1773 422 1836 Observationes
435 1773 473 1834 de
486 1771 606 1833 Christo
620 1794 674 1854 per
685 1793 818 1833 errorem
833 1775 863 1832 in
878 1771 1039 1834 Chresturn
1060 1797 1199 1839 commu·

139 1884 229 1949 tato,
239 1871 409 1953 Groningae
423 1892 507 1954 ¹7¹7·
521 1872 548 1930 8.
563 1871 650 1932 Paul.
664 1871 776 1931 Christ.
790 1870 931 1931 Hilscher
942 1873 975 1930 in
989 1873 1149 1955 Program.
1160 1876 1199 1937 de

139 1967 288 2045 Chresto,
307 1965 394 2048 cnjus
410 1970 600 2029 mentionem
617 1970 777 2028 Suetonius
795 1967 883 2044 facit,
904 1969 989 2050 quod
1009 1968 1061 2031 ille
1078 1993 1143 2033 non
1162 1975 1201 2034 sit

140 2065 302 2142 Christus,
319 2067 430 2128 mundi
442 2067 586 2142 salvator,
599 2067 681 2149 Lips.
696 2089 719 2126 s.
732 2089 759 2126 a.
774 2080 804 2125 et
817 2066 900 2126 Guil.
913 2064 1024 2127 Christ.
1037 2069 1140 2131 OEttel
1166 2072 1199 2132 in

140 2167 320 2226 Comment.
332 2165 371 2226 de
381 2165 510 2241 Judoeis,
526 2165 695 2247 impulsore
706 2163 834 2224 Chresto
850 2166 967 2226 assidue
980 2168 1199 2229 tumultuanti·

141 2264 219 2339 bus,
233 2259 355 2324 Selield.
374 2283 459 2346 1779,
472 2275 587 2344 negant
602 2280 673 2322 cum
692 2262 774 2336 aliis,
793 2275 823 2322 et
840 2260 1017 2338 affirmant,
1037 2263 1199 2326 Chrestum

141 2363 239 2423 illum
248 2360 342 2422 fuisse
350 2363 493 2422 Graecum
504 2373 558 2421 aut
568 2363 758 2436 Romanurn,
769 2361 824 2440 qui
835 2361 1014 2422 Judaeorum
1023 2361 1199 2425 doctrinam

143 2457 323 2542 placitaque
333 2457 506 2540 amplexus,
521 2457 673 2517 turnultus
688 2456 817 2516 dedisset
831 2460 1030 2518 occasionem.

187 2556 318 2618 Codices
335 2558 455 2640 scripti,
475 2569 586 2639 prester
604 2577 668 2633 eos,
687 2558 739 2638 qui
759 2555 824 2636 jam
845 2559 983 2637 usurpati
1002 2572 1074 2618 sunt
1091 2581 1108 2620 a
1128 2561 1202 2622 viris

143 2656 259 2731 doctis,
277 2655 418 2739 pluribus
430 2655 507 2716 locis
524 2669 693 2716 serrantur.
706 2655 851 2731 Quntuor
867 2655 899 2714 in
914 2655 991 2714 Bibl.
1003 2657 1201 2735 Taurinensi‚

143 2755 211 2816 duo
223 2755 467 2831 membranacei,
479 2754 543 2815 duo
556 2752 721 2828 chartacei,
737 2753 785 2814 sed
800 2755 839 2814 de
851 2755 922 2814 Saso.
944 2775 985 2814 xv
998 2775 1119 2816 omnes.
1131 2758 1201 2819 Vid.

146 2850 246 2912 Gatal.
259 2852 333 2913 Mss.
345 2852 472 2911 Taurini
485 2850 520 2909 Τ.
536 2850 579 2926 ll,
596 2873 624 2932 p.
642 2851 705 2924 132,
720 2851 791 2931 357:
805 2850 881 2910 alius
900 2852 931 2910 in
947 2849 1022 2910 Bibl.
1035 2855 1201 2935 Tigurina‚

146 2949 222 3009 item
236 2950 271 3008 in
285 2951 446 3008 Bernensi:
460 2947 522 3008 duo
535 2950 567 3008 in
580 2947 658 3007 Bibl.
672 2947 773 3008 Coeli.
787 2947 882 3007 alium
897 2949 927 3006 in
943 2948 1019 3007 Bibl.
1034 2951 1062 3010 S.
1076 2951 1201 3034 Georgii

144 3046 227 3106 vidit
237 3045 342 3107 Abbss
354 3045 530 3106 Gerbertus.
540 3044 612 3105 vid.
626 3047 764 3105 itinerar.
778 3068 807 3126 p.
824 3045 890 3118 453.
904 3045 1037 3106 Varietas
1049 3069 1064 3105 e
1076 3047 1133 3107 Ms.
1147 3050 1202 3108 Gi-

146 3141 257 3226 phanii
268 3157 315 3204 est
326 3145 361 3203 in
373 3141 446 3204 Ohs.
458 3141 587 3202 Miscell.
597 3143 632 3201 T.
646 3143 698 3218 IX,
712 3164 740 3221 p.
754 3143 812 3202 328
825 3163 868 3224 sq.
884 3143 928 3201 De
940 3141 1053 3204 Codice
1065 3145 1202 3226 Lyseria·

147 3261 188 3302 no
198 3241 321 3304 dictum
333 3242 422 3301 estin
435 3239 522 3322 praef.
534 3239 679 3300 editionis
693 3239 833 3300 Ernestii.

153 3503 1198 3544 mmmmmmmmmvmmmmmmwwumm'

493 3653 863 3803 versiones,

511 3952 515 3961 .
605 3923 752 3964 ,-

533 4069 821 4138 ΗΙὸΡΑΝΙΟΑ.

197 4233 281 4310 1569.
296 4231 465 4312 interprete
479 4231 582 4292 laimo
595 4227 831 4292 Bartholomaeo.
844 4229 1024 4288 Tarracone.

1005 4345 1028 4395 n
