3036 5124
477 583 714 650 mestuus.
1051 585 1117 669 425

79 713 151 782 sula
161 714 295 797 Pontia;
307 717 475 794 Drusum,
489 715 525 780 in
539 715 606 782 lma
616 729 712 806 perte
726 712 850 782 Palatii.
867 718 1007 798 Putant,
1019 719 1122 784 Nero-

79 849 156 893 nem
167 823 211 891 ad
221 823 446 892 voluntariam
458 840 602 892 mortem
614 840 783 906 coactum,
796 849 904 919 quum
915 827 945 893 ei
957 826 1120 908 carnifex,

80 937 173 1029 quasi
194 957 236 1002 ex
256 938 396 1003 Senatus
416 938 613 1004 auctoritate
634 937 779 1016 missus,
800 935 939 1030 laqueos
961 953 996 1004 et
1015 960 1121 1004 uncos

80 1061 277 1131 ostentaret,
292 1051 422 1114 Druso⁷
434 1063 547 1115 autem
558 1046 643 1115 adeo
654 1046 813 1114 alimenta
824 1045 1010 1130 subducta,
1024 1063 1063 1114 ut
1075 1062 1125 1114 to-

80 1173 260 1226 mentume
275 1156 397 1226 culcita
410 1159 587 1225 tentaverit
600 1157 778 1226 mandere:
796 1156 973 1226 amborum
987 1159 1035 1225 sic
1048 1156 1124 1226 reli·

81 1268 174 1361 quius
185 1263 370 1358 dispersas,
384 1283 422 1334 ut
434 1271 488 1336 vix
499 1265 703 1363 quandoque
714 1266 824 1359 colligi
838 1285 989 1359 possent.

124 1380 194 1442 LV.
220 1381 326 1470 Super
337 1393 467 1445 veteres
479 1381 604 1446 amicos
618 1402 658 1445 ac
668 1377 846 1446 familiares
857 1431 866 1461 ,
878 1379 1015 1470 viginti¹
1031 1376 1125 1446 sibie

82 1509 224 1554 numero
237 1489 430 1580 principum
441 1490 583 1556 civitatis
593 1486 851 1580 depoposcerat,
865 1487 959 1556 velut
972 1485 1127 1556 consilia-

83 1599 148 1664 rios
168 1600 204 1664 in
225 1601 373 1689 negotiis¹
389 1598 543 1692 publicis.
567 1605 698 1668 Horum
718 1603 868 1668 omnium
887 1603 942 1668 vix
963 1597 1048 1666 duos
1068 1613 1127 1664 out

84 1725 149 1776 tres
167 1709 355 1778 incolumes
372 1714 547 1802 praestitit:
569 1728 716 1793 ceteros,
735 1712 839 1780 olium
859 1711 924 1780 alia
943 1709 986 1778 de
1006 1732 1126 1790 oausn,

84 1819 235 1913 perculit.
252 1825 344 1889 Inter
354 1845 439 1916 quos
452 1831 550 1890 cum²
565 1821 789 1916 plurimorum
801 1822 896 1891 clade
909 1823 1030 1891 AElium
1041 1817 1131 1912 Seja-

85 1956 182 2016 num,
196 1930 352 2026 quemad
364 1957 530 2001 summam
541 1937 726 2025 potentiam
734 1959 804 2004 non
815 1952 884 2002 tam
895 1932 1128 2002 benevolentia

86 2058 298 2137 provexerat,
315 2067 417 2138 quam
430 2060 467 2110 ut
479 2059 581 2125 esset,
594 2041 690 2136 cujus
704 2047 889 2114 ministerio
901 2069 941 2112 ac
953 2041 1128 2112 fraudibus

86 2149 208 2222 liberos
220 2155 408 2222 Germanici
424 2155 695 2236 circumveniret,
712 2152 956 2251 nepotemque³
974 2176 1073 2222 suum
1089 2175 1131 2219 ex

87 2267 196 2330 Druso
221 2261 291 2330 filio
313 2263 500 2331 naturalem
522 2261 566 2330 ad
588 2266 835 2334 successionem
857 2265 988 2358 imperii
1010 2259 1131 2331 confir-

88 2389 205 2442 maret.

134 2488 221 2552 LVI.
247 2451 358 2553 Nihilo
380 2485 489 2554 lenior
511 2490 546 2553 in
569 2490 776 2556 convictores
797 2486 987 2568 Graeculos,
1011 2483 1135 2579 quihus

90 2683 194 2737 luimus.
209 2715 244 2726 -
258 2685 298 2737 De
312 2686 399 2738 insula
409 2687 519 2752 Pontio,
532 2706 590 2758 que
634 2687 803 2755 suerat,velut
809 2687 975 2742 consiliarios.
981 2683 1133 2737 VideDion.

92 2781 143 2815 non
154 2761 250 2837 procul
263 2784 277 2816 a
290 2763 460 2829 Pandateria,
471 2765 498 2815 in
510 2784 591 2835 quam
634 2768 719 2833 LVII,
733 2785 759 2837 7,
771 2781 797 2818 et
809 2769 843 2818 cf.
857 2764 891 2818 nd
904 2769 1015 2837 August.
1029 2764 1073 2818 35.

92 2844 206 2918 relegata
213 2845 424 2916 Agrippinu,sita
433 2859 496 2913 erat,
505 2846 590 2898 Strnb.
674 2863 697 2896 n.
706 2847 771 2898 Cum
776 2844 949 2916 plurimorum
956 2844 1030 2896 clade
1035 2844 1070 2894 AE
1072 2840 1136 2893 lium

91 2924 126 2992 V,
138 2926 169 2992 3,
181 2925 209 2976 6.
636 2923 770 2994 Seianum.
781 2923 860 2975 Periit
874 2925 991 2974 maxime
1003 2923 1137 2992 impoten-

128 3022 151 3075 7.
171 3005 307 3057 Drino...
321 3003 593 3058 adeoalimentesub-
636 3007 676 3055 tiae
696 3001 776 3055 h'omo
796 3021 867 3054 enno
882 3000 943 3074 784.
962 3001 1038 3054 Gonf.
1058 3001 1138 3052 Dion.

94 3084 182 3150 ducta,
195 3096 247 3136 etc.
259 3103 319 3136 nnn.
333 3083 393 3154 786.
402 3085 486 3136 Tacit.
496 3083 592 3137 Annal.
636 3083 731 3148 LVIII,
745 3081 763 3148 4
775 3100 829 3154 seq.
843 3083 889 3152 qui
898 3081 1074 3154 plurimorum
1085 3078 1139 3131 cla-

93 3165 141 3230 VI,
153 3163 200 3227 23,
213 3187 224 3210 a
235 3163 337 3214 Drusus
348 3160 444 3214 deinde
454 3164 594 3232 exstingui·
638 3162 766 3213 demeum
779 3162 889 3213 interitu
900 3164 956 3232 ejus
969 3162 1140 3230 conjunctam

95 3255 145 3310 tur,
156 3260 238 3314 quum
249 3259 276 3293 se
287 3240 595 3307 miserandisalimentis,
639 3239 764 3292 describit
781 3260 839 3313 cap.
861 3241 900 3307 14.
921 3270 956 3281 -
975 3241 1014 3291 De
1032 3241 1142 3292 dietim·

95 3317 595 3385 mandendoecubllitomento,nonum
640 3322 721 3374 uentis
741 3323 890 3374 Gemanici
906 3320 990 3374 liberis
1003 3319 1064 3372 uide
1081 3337 1140 3389 cap.

96 3397 129 3451 sd
145 3398 216 3450 diem
230 3395 394 3450 detinuisset.
405 3421 416 3442 ι
435 3398 515 3466 Quod
533 3397 595 3450 reli·
640 3401 772 3472 superius.

96 3481 169 3554 quius
178 3496 271 3531 eorum
281 3477 403 3549 dispersas
411 3478 509 3530 Noster
518 3474 596 3544 dicit,
677 3479 702 3530 3.
719 3478 898 3550 Nepotemqne
907 3497 1023 3532 suum...
1036 3486 1142 3529 natura·

97 3561 162 3626 Dio,
174 3558 270 3622 LVIII,
285 3573 333 3623 aa,
345 3553 385 3606 ssi
398 3554 432 3607 cai
446 3556 508 3607 6022
520 3555 598 3610 sinnii
643 3557 864 3623 lemrTiberium,
874 3559 1041 3610 interemtum
1048 3569 1143 3627 postea

98 3639 190 3710 (Drusi
207 3651 235 3688 et
251 3633 417 3708 Agrippinae)
432 3633 457 3685 ul
472 3630 540 3701 pirou
558 3633 599 3684 orie
642 3657 657 3690 a
671 3635 799 3708 Caligula.
818 3635 884 3687 Vide
903 3634 985 3706 calip.
999 3635 1049 3697 23;
1062 3636 1141 3686 Dion.

99 3711 600 3782 irrissaruno'rpsrnpsiomidine,sinnii
642 3717 712 3781 LIX,
725 3715 861 3769 &Servavi
869 3729 957 3768 eutem
965 3715 1145 3766 accusativum

99 3795 137 3849 sol
149 3793 339 3868 κρυφθῐνιιπου
349 3789 415 3844 mai
423 3793 465 3860 pir
475 3789 599 3854 inimum,
644 3792 806 3860 naturalem,
826 3812 874 3863 pro
893 3811 946 3865 quo
961 3791 994 3843 al.
1011 3789 1143 3858 naturali,

100 3875 157 3930 tim
166 3872 286 3942 nutem
298 3873 428 3942 supinatur.
442 3874 537 3924 Postea
548 3874 600 3925 Cu·
644 3877 757 3946 partlm,
773 3871 846 3943 quod
860 3873 1016 3924 concinnIor
1029 3884 1069 3924 est
1082 3889 1146 3923 ora·

98 3954 180 4028 ligula
192 3955 283 4007 matris
293 3953 435 4024 fratr-Isque
444 3953 557 4005 Neronis
567 3953 601 4006 ci-
644 3955 699 4022 tio,
709 3955 805 4006 nitatis
824 3951 906 4004 tribus
924 3950 1042 4004 ablativIs
1060 3953 1147 4004 conti-

100 4053 175 4088 neres
186 4035 299 4084 Romam
311 4029 451 4085 trnnslatos
462 4031 600 4085 Mausoleo
645 4035 720 4099 nois,
734 4033 847 4104 partim,
867 4029 942 4102 quod
958 4031 994 4081 ita
1010 4030 1147 4101 scripsisse

101 4114 229 4169 condidit.
244 4111 311 4166 Vide
325 4112 405 4185 Calig.
424 4111 469 4180 15,
484 4126 511 4166 et
521 4113 600 4166 Dion.
646 4126 790 4174 auctorem,
798 4109 876 4162 docet
884 4108 1148 4176 errorlibrariorum,

102 4199 173 4264 tux,
187 4195 213 4248 3.
647 4193 692 4264 qui
702 4202 871 4243 corruerunt
873 4187 1150 4265 filium,deceptise·

137 4278 190 4331 LV.
214 4295 236 4328 ι.
253 4275 412 4349 Viqintr'siln'
413 4311 475 4328 .....
488 4275 601 4346 depopo·
648 4284 737 4343 quent.
751 4267 908 4322 naturalem.
