3096 5124
395 515 461 581 286
768 511 803 574 C.
828 509 1060 576 SUETONII

393 638 581 708 adhibitum
592 635 634 704 ab
649 660 688 703 eo
700 659 818 718 ooenae,
832 634 990 728 excepto³
1003 641 1119 715 Meua,
1132 636 1191 704 sed
1202 655 1329 706 asserto
1343 641 1380 706 in
1392 641 1434 705 in-

394 745 632 842 genuissent,
652 761 729 838 post
744 735 910 838 proditam
928 751 1000 816 Sex.
1021 749 1169 838 Pompeii
1187 747 1336 816 classem.
1360 753 1434 839 lpse

394 861 521 942 scribit,
537 861 693 924 invitasse
705 880 741 923 se
753 855 938 950 quendam,
952 860 986 923 iu
998 853 1094 948 cujus
1105 856 1183 924 villa
1194 873 1361 940 maneret,
1376 861 1433 952 qui

395 969 599 1065 speculator⁵
621 991 702 1034 suus
721 965 800 1035 olim
819 968 944 1035 fuisset.
963 971 1121 1034 Convivia
1136 993 1382 1063 nonnunquam
1402 985 1434 1036 et

394 1083 501 1147 serius
515 1077 633 1158 inibat,
648 1092 682 1141 et
696 1080 859 1143 maturius
874 1076 1100 1171 relinquebat,
1120 1103 1225 1172 quum
1239 1083 1390 1146 convivae
1403 1095 1433 1146 et

395 1211 524 1255 coenare
543 1188 740 1278 inciperent,
760 1190 955 1281 priusquam
974 1187 1029 1254 ille
1049 1188 1290 1274 discumberet,
1312 1206 1346 1256 et
1364 1214 1433 1282 per·

394 1312 584 1376 manerent,
597 1295 745 1386 digresso
755 1320 806 1362 eo.
818 1299 954 1364 Coenam
966 1300 1069 1364 ternis
1079 1297 1228 1378 ferculis,
1240 1315 1315 1378 aut,
1328 1323 1431 1393 quum

394 1405 701 1484 abundantissime,
719 1407 808 1472 senis
824 1404 1014 1497 praebebat,
1033 1423 1071 1474 ut
1089 1432 1159 1474 non
1176 1410 1279 1475 nimio
1299 1424 1430 1485 sumtu,

395 1522 440 1586 ita
456 1543 588 1586 summa
601 1519 765 1585 comitate.
782 1522 866 1585 Nam
881 1517 968 1586 etad
985 1522 1254 1587 communionem
1271 1521 1430 1586 sermonis

396 1646 541 1696 tacentes
562 1625 616 1693 vel
644 1628 848 1693 summissim
862 1615 1061 1720 ¹bbulantes
1088 1628 1306 1720 provocabat,
1324 1645 1359 1694 et
1377 1644 1431 1696 aut

395 1735 607 1807 acroamata⁶
622 1754 655 1804 et
668 1735 863 1820 histriones,
880 1755 938 1805 aut
951 1741 1048 1806 etiam
1063 1739 1207 1807 triviales
1222 1763 1263 1806 ex
1275 1741 1371 1807 Circo
1385 1738 1431 1806 lu·
1535 1769 1536 1812 1

396 1850 469 1918 dios
484 1847 731 1940 interponebat,
745 1872 784 1916 ac
797 1847 1004 1941 frequentius
1017 1848 1231 1942 aretalogos⁷.

397 2063 500 2112 sulatus
513 2077 593 2132 supra
604 2078 662 2132 cap.
677 2061 710 2114 58
724 2076 893 2113 memoratur.
940 2067 984 2137 qui
1002 2067 1027 2116 in
1044 2067 1231 2135 ingenuitatem
1250 2077 1326 2115 erant
1344 2062 1430 2116 asserti
1535 2059 1537 2126 l

432 2141 456 2192 3.
477 2142 576 2200 Mena,
597 2143 650 2192 sive
671 2141 823 2192 Menodoro.
846 2144 894 2194 llic
938 2162 985 2196 seu
998 2143 1131 2198 vindicati.
1536 2145 1537 2156 ¹

396 2221 512 2271 famosus
531 2218 575 2271 ille
594 2232 633 2270 est
651 2218 769 2270 desultor
780 2221 893 2288 partium
973 2222 996 2274 5.
1016 2222 1180 2294 Specrrlator3
1192 2219 1304 2274 satelles.

396 2300 423 2352 in
441 2299 512 2352 bello
530 2301 598 2350 inter
611 2300 678 2352 Sext.
699 2301 851 2370 Pompeium
868 2311 894 2352 et
973 2302 999 2354 6.
1017 2303 1181 2354 Acroamata.
1208 2301 1270 2354 Non
1288 2299 1427 2364 derebus,

303 2387 307 2394 '
395 2379 542 2432 Octavium.
553 2379 592 2428 De
604 2379 710 2432 nomine
723 2378 801 2430 Meua
814 2378 894 2428 tms
938 2381 983 2434 sed
993 2377 1429 2432 dehominibusbocvocabmsnr

395 2457 498 2526 proritat
509 2459 581 2508 facto
589 2454 774 2508 exMenodoro
782 2457 841 2508 vide
849 2457 894 2508 Fa·
937 2464 994 2532 pari
1006 2479 1021 2512 a
1034 2459 1204 2532 scriptoribus
1214 2460 1327 2523 Latinis,
1339 2458 1428 2529 probs·

395 2537 459 2590 bric.
473 2535 893 2600 adnion.xtv11t,3o.eravis·
937 2542 975 2592 vit
991 2543 1093 2592 Ernest.
1108 2541 1135 2590 iu
1147 2542 1254 2590 Excute.
1270 2537 1304 2590 atl
1318 2536 1345 2593 b,
1359 2537 1376 2588 l.
1393 2541 1429 2590 lta

395 2620 486 2669 simam
507 2617 632 2687 Pompeio
652 2616 770 2686 prestitit
785 2633 893 2686 operam
937 2619 1040 2672 Comel.
1057 2621 1125 2689 Nep.
1143 2619 1196 2669 Ast.
1216 2617 1263 2683 14,
1281 2618 1386 2668 «Nemo
1403 2619 1428 2667 in

395 2714 455 2748 ann.
468 2695 532 2764 714,
542 2709 641 2748 vastata
650 2693 737 2757 ltalia,
748 2707 827 2764 capta
837 2693 894 2745 Sar·
937 2699 1058 2749 convivio
1073 2698 1129 2765 ejus
1143 2693 1215 2746 aliud
1228 2713 1349 2747 acroama
1360 2692 1429 2746 autli-

394 2773 479 2840 dinia,
494 2776 537 2825 cni
555 2775 657 2844 praefuit
676 2791 759 2844 usque
780 2772 814 2824 ad
830 2791 891 2824 aun.
936 2780 972 2829 vit
987 2795 1065 2848 quam
1084 2787 1276 2846 anagnostae·
1297 2775 1356 2824 Hoc
1373 2773 1428 2824 loco

395 2857 456 2924 716,
477 2869 529 2925 quo
545 2854 652 2907 tradidit
671 2874 699 2908 sa
715 2857 848 2925 Augusto,
867 2867 893 2906 et
936 2853 1120 2927 intelligendos
1130 2856 1241 2906 maxime
1250 2851 1429 2918 musicos,do·

394 2934 520 3000 insulam,
532 2948 557 2984 et
567 2934 691 2999 classem,
702 2948 727 2986 et
737 2936 890 2986 exercitum:
936 2950 977 2988 cet
988 2937 1062 2988 locus
1075 2935 1196 2986 Macrob.
1208 2935 1244 2999 11,
1257 2933 1287 2998 4,
1302 2957 1314 2979 ι
1323 2931 1430 2984 delecta·

394 3011 641 3080 Di0,xt.v111,45.
656 3012 732 3077 lude,
746 3015 838 3082 saepius
853 3011 893 3062 sl·
937 3029 979 3068 tus
989 3019 1229 3067 interecensmerat
1239 3010 1428 3084 symphoniacis

395 3089 471 3142 flictis
490 3091 601 3144 ducibus
618 3093 799 3161 Pompeianis,
816 3089 893 3142 rediit
936 3095 1045 3146 Toranii
1057 3092 1146 3144 Flacci
1160 3091 1306 3160 mangonis.
1318 3113 1330 3136 ι

394 3170 428 3220 ad
437 3169 542 3222 Sextum
552 3188 612 3222 aun.
622 3171 673 3238 718
685 3169 765 3239 (Dio,
775 3169 892 3234 XLVIII,
972 3189 997 3240 7.
1014 3169 1174 3243 Aretaloqos.
1186 3167 1310 3238 lntelligit
1319 3167 1428 3219 Casanb.

394 3247 463 3319 fin).
479 3246 530 3300 Sed
546 3249 638 3300 eodem
653 3268 722 3300 anuo
737 3262 825 3319 partes
839 3249 893 3300 Au·
936 3245 1049 3303 miseros
1056 3245 1244 3319 philosophos,
1257 3249 1303 3316 qui
1314 3247 1429 3298 convivia

393 3325 893 3396 gustidenuoamplexus(Dio,XLlX,
937 3327 1077 3380 beatorum
1094 3323 1319 3396 frequentabant,
1339 3337 1366 3376 et
1380 3325 1429 3376 llo-

397 3405 440 3476 r),
458 3407 553 3456 mansit
569 3405 597 3454 in
613 3406 668 3472 ejus
683 3404 749 3470 lida,
763 3405 892 3475 periitque
937 3405 1050 3458 mulidas
1061 3417 1164 3458 saturos
1176 3404 1429 3457 variiadevirtuteet

360 3489 363 3494 '
394 3486 610 3556 sequentianno,
624 3484 777 3534 interfectus
795 3502 810 3534 a
827 3485 892 3534 Pan·
936 3486 998 3536 vitio
1013 3481 1235 3554 disputationibus
1250 3481 1429 3546 oblectabant,

394 3565 481 3616 neniis
492 3563 571 3632 (Dio,
581 3561 675 3626 XLIX,
686 3561 743 3632 37).
755 3562 891 3634 Appianus
937 3583 1002 3636 quas
1015 3562 1108 3626 Philo,
1127 3563 1188 3631 Lag.
1206 3560 1239 3612 ad
1255 3560 1365 3626 Caium,
1381 3557 1429 3615 eris

394 3661 497 3713 semper
516 3642 618 3710 integro
636 3643 742 3692 nomine
756 3629 891 3708 Msrltspr
937 3644 985 3694 ἀπὸ
997 3643 1108 3696 cardiles
1122 3641 1201 3704 dicit,
1214 3639 1250 3690 sd
1261 3641 1373 3710 Augusti
1382 3658 1430 3692 cta·

395 3741 455 3774 eum
469 3721 546 3786 dicit,
559 3719 621 3772 Bell.
634 3719 688 3772 Cir.
699 3723 731 3784 V,
743 3720 791 3786 66,
806 3735 854 3788 70,
866 3733 892 3770 et
936 3741 998 3773 narn
1008 3722 1146 3772 admissos.
1156 3718 1205 3770 Sed
1217 3737 1299 3788 quum
1310 3717 1344 3770 de
1353 3720 1430 3770 corni·

395 3820 449 3872 seq.
464 3801 541 3852 Conf.
554 3802 643 3850 Horat.
657 3799 739 3868 Epist.
752 3801 779 3864 1,
793 3815 821 3866 7,
835 3798 877 3848 61.
936 3813 989 3851 tate
1007 3818 1086 3852 coenae
1105 3801 1161 3868 ejus
1174 3816 1261 3849 sermo
1280 3799 1330 3864 sit,
1346 3797 1430 3849 malim

430 3880 454 3946 4.
473 3880 524 3932 Sed
540 3889 631 3930 asserto
649 3879 677 3928 in
696 3876 889 3950 ingenuitatem.
935 3877 1080 3946 intelligere
1101 3895 1159 3928 cum
1180 3874 1239 3926 aliis
1259 3893 1369 3942 murras,
1387 3878 1430 3948 qui

395 3959 472 4010 Plura
480 3959 549 4010 enim
557 3971 630 4010 erant
634 3959 694 4027 jura
702 3958 891 4026 ingenuorum,
936 3971 1032 4025 magno
1045 3975 1091 4008 ore
1103 3973 1177 4006 suam
1193 3954 1337 4006 aliorumve
1350 3958 1430 4006 virtu-

396 4055 474 4106 quam
489 4037 678 4088 libertinorum.
691 4035 731 4086 De
742 4033 891 4086 discrimine
935 4049 988 4087 tem
1000 4033 1169 4105 predicantes
1185 4031 1388 4086 oblectationem
1399 4034 1431 4084 ri-

395 4130 567 4188 utrorumque
579 4119 613 4168 cf.
625 4118 747 4170 Heiuecc.
758 4116 819 4164 Ant.
829 4112 891 4179 l,d,
937 4131 1048 4183 sumque
1058 4114 1228 4164 convivarum
1238 4111 1386 4162 movebant.
1394 4111 1430 4162 lta

396 4215 420 4254 ι,
431 4197 611 4251 -Natalilrus
621 4197 729 4250 restituti
737 4194 892 4250 dicebantur
936 4193 1013 4244 etiam
1031 4190 1127 4244 doctus
1141 4191 1268 4261 interpres
1284 4190 1430 4262 Pergama,
