3040 5118
366 531 431 598 382
735 531 771 594 C.
797 529 1030 596 stJE'rottn

363 655 533 749 profectus
545 669 605 721 est.
619 657 660 720 Et
674 655 785 720 statim
796 677 838 720 ex
854 655 971 720 itinere
985 668 1159 722 revocatus
1168 706 1178 736 ,
1187 651 1258 745 jam
1269 650 1413 746 quidem

363 768 537 848 affectum,
550 762 609 833 sed
621 781 732 832 tamen
747 767 931 859 spirantem
942 763 1053 834 adbuc
1066 770 1253 857 Augustam
1266 767 1413 857 reperit,

362 877 511 974 fuitque⁴
522 903 590 945 una
602 891 731 944 secreto
743 901 804 969 per
821 893 927 944 totum
939 874 1039 944 diem.
1054 879 1141 960 Scio,
1159 875 1260 969 vulgo
1274 901 1416 969 persua

363 1013 455 1072 sum,
475 991 585 1084 quasi,
607 977 844 1081 egressopost.
856 1005 1022 1056 secretum
1042 1011 1231 1056 sermonem
1250 986 1414 1068 Tiberio,

362 1123 427 1170 vox
441 1099 578 1190 Augusti
597 1121 658 1189 per
676 1096 897 1166 cubicularios
912 1114 1051 1190 excepta
1069 1101 1127 1166 sit:
1150 1100 1342 1164 «Miserum
1357 1121 1417 1188 po·

362 1209 481 1302 pulum
503 1213 708 1290 Romanum,
732 1211 791 1303 qui
814 1207 878 1276 sub
901 1209 988 1275 ⁵tam
1011 1208 1110 1277 lentis
1130 1207 1275 1276 maxillis
1303 1210 1384 1274 erit.
1398 1239 1412 1268 ι

363 1317 447 1388 Neo⁶
459 1316 544 1386 illud
561 1317 697 1414 quidem
712 1322 847 1410 ignoro,
861 1318 992 1414 aliquos
1009 1318 1200 1402 tradidisse,
1217 1324 1416 1409 Augustum

361 1432 473 1525 palam
498 1454 561 1500 nec
590 1430 840 1500 dissimulanter
866 1455 1000 1499 morum
1028 1428 1100 1522 ejus
1128 1431 1298 1498 diritatem
1323 1428 1417 1497 adeo
1519 1418 1520 1425 ἵ

362 1542 582 1634 improbasse,
605 1557 644 1608 ut
667 1565 912 1637 nonnunquam
937 1545 1141 1610 remissiores
1164 1540 1417 1636 hilarioresque
1519 1576 1520 1587 2

362 1677 551 1735 sermones,
566 1657 892 1747 supervenienteeo,
908 1654 1141 1748 abrumperet:
1162 1653 1222 1722 sed
1239 1677 1417 1746 expugna·

360 1781 434 1832 tum
447 1764 603 1858 precibus
616 1769 728 1834 uxoris
740 1763 955 1858 adoptionem
969 1789 1036 1832 non
1050 1765 1223 1845 abnuisse3
1238 1764 1294 1831 vel
1306 1766 1415 1830 etiam

360 1873 541 1943 ambitione
555 1891 714 1958 tractum,
733 1892 771 1943 ut
786 1876 845 1943 tali
862 1899 1055 1944 successore
1071 1873 1324 1944 desiderabilior
1337 1877 1416 1966 ipse

360 1984 563 2081 quandoque
589 1985 694 2054 fieret.
721 1986 848 2055 Adduci
873 2004 985 2054 tamen
1011 2011 1160 2081 nequeo,
1189 1989 1272 2080 quin
1300 1987 1417 2051 existi·

360 2119 471 2177 mem,
500 2098 873 2188 circumspectissimum
901 2112 934 2163 et
957 2095 1256 2188 prudentissimum
1286 2096 1418 2160 Princi-

360 2226 451 2294 pem,
472 2206 505 2270 in
527 2219 619 2272 tanto
637 2208 824 2297 praesertim
850 2209 1000 2297 negotio,
1023 2205 1105 2273 nibil
1124 2222 1249 2272 temere
1270 2205 1415 2285 fecisse,

361 2312 420 2381 sed
438 2316 524 2381 vitiis
543 2313 789 2412 virtutibusque
808 2317 933 2384 'liberii
954 2319 1151 2409 perpensis,
1175 2317 1322 2408 potiores
1347 2312 1415 2382 du-

360 2425 447 2492 xisse
468 2427 607 2493 virtutes
629 2453 635 2494 :
661 2429 846 2519 praesertim
870 2451 976 2520 quum
1000 2442 1034 2494 et
1056 2423 1286 2518 aReipublicae
1306 2448 1415 2492 causa
1518 2457 1519 2508 ,

360 2531 519 2624 adoptare
532 2557 567 2602 se
579 2559 694 2614 eum,n
708 2561 770 2629 pro
782 2539 942 2604 concione
950 2534 1129 2628 juraverit,
1141 2551 1174 2602 et
1185 2532 1339 2627 epistolis
1350 2532 1416 2600 ali·
1518 2545 1519 2554 ’

359 2661 459 2738 quot,
475 2662 513 2712 ut
526 2648 763 2738 peritissimum
775 2650 824 2715 rei
836 2647 1006 2728 militaris,
1020 2663 1124 2742 utque
1137 2649 1276 2714 unicum
1288 2645 1414 2738 populi

326 2793 328 2807 ·
359 2757 500 2823 Romani
509 2754 964 2854 praesidium,prosequatur.
975 2763 1025 2826 Ex
1034 2758 1156 2852 quibus
1168 2762 1201 2824 in
1211 2755 1415 2848 exemplum
1518 2789 1519 2818 t

360 2889 468 2958 pauca
481 2865 559 2935 hinc
575 2866 655 2968 inde
668 2868 812 2962 subjeci:
833 2869 956 2954 «Vale,
973 2867 1215 2963 jucundissime
1229 2869 1416 2950 Tiberi,et

359 2974 497 3044 feliciter
511 3002 583 3045 rem
597 3002 690 3070 gere,
707 2985 782 3060 ε’μοὶ7
800 2987 844 3040 καὶ
859 2989 913 3050 ταῖς
926 2986 1040 3048 Μούσαις
1054 2989 1210 3062 στρατηγῶν·
1225 2984 1243 3046 J
1247 2979 1414 3048 ucundis·
1518 2973 1519 2978 ¹

395 3185 421 3252 4.
434 3186 858 3260 Fuitqueunasecreto,etc.vide
903 3193 1414 3262 niamarroqantiarnseritiamqneejus
1518 3213 1519 3226 ¹

361 3263 394 3317 ad
407 3267 518 3334 August.
532 3287 556 3319 c.
567 3270 627 3338 98.,
640 3269 683 3321 lin.
904 3271 1103 3341 introspexerit,
1112 3271 1311 3342 comparatione
1319 3269 1417 3324 deter-

396 3341 422 3396 5.
440 3343 491 3396 Sub
500 3354 553 3396 tam
564 3345 640 3400 lentis
648 3346 772 3403 maxillis.
782 3348 860 3400 Com·
904 3349 969 3400 rima
982 3348 1032 3400 sibi
1045 3348 1155 3418 glor-iam
1173 3350 1329 3418 quaesivisse.
1346 3351 1416 3401 Ete-

360 3435 436 3494 parat
455 3441 515 3474 eum
533 3443 592 3476 cum
612 3425 710 3492 bestia,
729 3446 787 3500 que
805 3447 859 3480 non
904 3428 958 3478 nim
970 3429 1120 3497 Augustus,
1134 3430 1225 3496 paucis
1240 3443 1303 3478 ante
1314 3431 1417 3493 annis,

360 3515 437 3556 necat
452 3515 569 3571 tentum,
588 3504 635 3558 sed
653 3506 725 3560 lento
741 3511 858 3561 cruciatu
906 3523 987 3576 quum
995 3507 1102 3558 Tiberio
1112 3505 1277 3558 tribuniciam
1289 3521 1417 3578 potesta-
1518 3543 1519 3546 =

361 3579 494 3634 necandos
505 3594 617 3654 torquet.
633 3585 715 3651 Dicit,
726 3603 806 3656 quam
815 3603 860 3638 εω-
904 3599 957 3636 tem
970 3585 1116 3643 aPatribus
1127 3603 1230 3636 rursum
1242 3585 1415 3656 postularet,

361 3678 459 3712 vomat
468 3660 566 3713 lentam
577 3675 698 3715 naturam
706 3665 808 3718 Tiberii
819 3685 860 3718 vo·
905 3682 1065 3736 quamquem
1076 3663 1177 3716 honora
1191 3665 1325 3731 oratione,
1339 3685 1416 3737 quta·

360 3753 513 3808 catanetor,
521 3759 578 3813 cap.
586 3744 628 3812 57.
636 3745 749 3812 Proerit,
757 3744 859 3813 abedit,
904 3741 966 3794 dnm
979 3743 1011 3794 de
1023 3741 1115 3794 habitu
1126 3744 1252 3816 cultuque
1264 3759 1292 3796 et
1304 3747 1417 3798 institu—
1518 3757 1519 3806 i

361 3838 435 3872 mero
446 3821 519 3872 vitio.
903 3823 935 3873 tis
953 3825 1009 3894 ejus
1025 3825 1144 3891 jecerat,
1163 3839 1219 3894 quse
1238 3822 1312 3874 velut
1329 3842 1417 3876 excu-

396 3899 421 3950 6.
434 3898 490 3950 Nec
501 3898 570 3952 illud
579 3901 681 3972 quidem
691 3903 796 3976 ipsam,
809 3917 858 3956 ete.
905 3900 989 3953 sendo
1005 3901 1185 3972 exprobraret.

360 3978 597 4044 Gont.1)i0,Lvt,
612 3978 654 4046 45.
667 3981 751 4033 Tacit.
764 3980 858 4033 Annsl.
942 3997 965 4050 7.
977 3978 1088 4044 ’Ἑμοὶκιὶ
1097 3981 1149 4035 ταῖς
1158 3977 1276 4045 Μούσαις,
1287 3993 1336 4032 etc.
1347 3983 1415 4033 Bne

361 4054 389 4120 l,
406 4072 452 4107 ro:
468 4076 522 4110 une
535 4057 670 4110 Tiberium
688 4058 793 4128 quidem
805 4057 861 4128 (di-
904 4059 998 4124 verbs,
1011 4078 1067 4130 que
1082 4060 1122 4110 vel
1137 4060 1233 4112 desunt
1248 4063 1273 4111 in
1290 4061 1367 4113 MSS.
1385 4079 1415 4112 ut

362 4133 473 4204 cebant)
483 4138 590 4188 caritate
598 4151 643 4189 sut
650 4137 810 4208 Reipublicae
820 4159 863 4190 cu·
906 4141 1063 4212 plerumque
1073 4142 1175 4206 Greea,
1186 4142 1227 4193 vel
1237 4157 1366 4213 corrupte
1377 4143 1414 4194 le-

364 4230 393 4263 ra
403 4230 581 4268 successorem
592 4217 734 4282 adscitum
744 4217 791 4272 sed
800 4237 863 4291 quo-
907 4233 1019 4292 guutur,
1035 4221 1106 4273 varie
1120 4233 1222 4272 tentate
1238 4233 1301 4273 snut
1315 4239 1331 4272 a
1347 4222 1414 4274 viris
