3150 5136
349 531 414 578 xxx
591 507 841 573 RECENSUS
864 505 1153 573 EDITIONUM

348 622 566 708 Casaubonu‘s,
581 631 693 692 babuit
706 643 737 692 et
748 632 955 692 Burmannus.
967 665 1007 676 -
1018 631 1138 692 Panzer
1148 633 1184 690 T.
1194 623 1251 692 Vll
1256 669 1266 709 ,·
1280 654 1312 715 p.
1329 653 1399 716 291.

389 767 427 776 -
439 729 602 792 Suetonius
616 727 655 788 de
668 728 758 788 claris
772 727 988 788 Grammaticis
1002 739 1032 787 et
1045 726 1246 804 Rhetoribus,
1260 751 1287 790 c.
1302 730 1398 792 Plinii

348 827 508 911 Epistolis,
522 841 577 887 etc.
588 826 740 900 venetiis,
753 825 834 907 apud
846 825 961 885 Aldum
972 837 1002 885 et
1014 825 1169 886 Andreant
1181 828 1333 889 Socerum.
1349 830 1378 889 8.

393 927 478 1007 1509.
496 927 529 985 C.
546 925 685 986 Suetonii
702 922 877 1005 Tranquilli
896 924 993 984 Divus
1009 923 1110 984 Julius
1128 925 1230 985 Caesar
1247 927 1398 988 Dictator.

350 1029 428 1086 -ln
438 1025 519 1086 lines
533 1029 640 1086 ατιλοσ.
652 1043 701 1084 cn.
715 1044 821 1084 arrrvs
831 1041 1032 1084 ntsttoronvs
1042 1043 1186 1086 carnoso
1194 1045 1260 1087 aas
1271 1041 1400 1088 sicnar‘o

350 1143 552 1197 roncvnanro.
566 1141 813 1182 rnanscntsnsar
824 1123 929 1182 Mense
943 1120 1027 1181 Julio
1040 1143 1074 1181 u.
1089 1141 1119 1182 n.
1129 1143 1212 1183 vini.
1224 1120 1253 1199 4.
1266 1159 1306 1170 -
1318 1125 1400 1185 Pan-

351 1245 403 1284 zer
410 1225 445 1284 T.
455 1223 529 1297 Vll,
542 1243 572 1303 p.
585 1218 653 1301 496.

391 1356 430 1366 -
448 1321 483 1380 G.
502 1319 664 1379 Suetonius
681 1317 795 1398 Tbanq.
811 1315 851 1376 de
868 1315 1034 1376 duodecim
1049 1317 1101 1377 Ce.
1120 1319 1191 1378 vitis
1208 1318 1402 1401 diligentiori

352 1416 453 1480 studio
469 1437 487 1476 a
502 1414 621 1476 mendis
642 1431 740 1496 prope
757 1413 916 1488 omnibus,
937 1435 1014 1496 quas
1034 1427 1211 1498 temporum
1229 1419 1306 1478 vitio
1327 1439 1402 1478 con-

351 1527 500 1590 traxerat,
519 1533 574 1596 pcr
592 1511 769 1572 Guidoncm
791 1509 998 1570 Morillonum
1018 1513 1195 1593 nuperrime
1215 1513 1402 1575 vindicatus.

353 1613 501 1696 Dispersis
523 1630 580 1694 pro
603 1609 754 1668 lectorum
779 1629 836 1668 usu
859 1609 893 1667 in
915 1609 1110 1689 marginibus
1131 1611 1401 1672 annotatiuncnlis.

342 1712 432 1772 Cum
452 1711 530 1789 Aug.
549 1706 696 1767 Politiani
714 1703 936 1786 elegantissima
953 1705 986 1763 in
1000 1706 1133 1766 cundem
1148 1706 1331 1788 prefatione.
1344 1709 1402 1766 Ve-

354 1806 538 1868 nundantur
555 1802 680 1865 Parisiis
700 1802 740 1861 in¹
754 1801 822 1861 vico
842 1801 907 1861 divi
926 1801 1036 1862 Jacobi
1056 1804 1113 1864 sub
1135 1805 1316 1886 intersignio
1337 1805 1403 1887 poti

354 1905 456 1964 stanni
465 1899 552 1982 juxta
562 1913 702 1960 sanctum
715 1899 864 1958 Yvonem.
877 1901 964 1958 -ln
977 1897 1053 1958 fine:
1069 1923 1083 1954 c
1093 1901 1128 1960 ln
1142 1899 1241 1964 lucem
1250 1897 1316 1982 jam
1329 1920 1403 1983 pro.
1496 1909 1502 1918 ·

356 2001 443 2061 ditC.
451 1998 589 2060 Suetonii
599 1998 713 2076 Tranq.
725 1994 1267 2078 hystoriographi-opus-lmpressum
1279 1995 1404 2057 Parrhi·

355 2101 418 2161 sius
431 2121 448 2160 e
462 2099 587 2180 regione
597 2095 727 2176 Collegii
739 2094 886 2154 italorum
899 2096 1047 2176 impensis
1058 2097 1308 2176 gravissimorum
1320 2097 1403 2156 viro-

356 2217 428 2257 rum
446 2194 550 2277 Egidii
570 2195 764 2266 Gourmont,
785 2191 926 2273 Dionysii
946 2193 1028 2252 Roce
1048 2203 1077 2252 et
1097 2193 1219 2252 Ponseti
1236 2191 1265 2254 le
1285 2193 1405 2254 Preuxs
1503 2254 1507 2260 ,

356 2294 446 2354 An'no
460 2290 581 2351 domini
596 2287 760 2349 millesimo
772 2287 1017 2370 quingentesimo
1031 2309 1150 2349 nono.»
1167 2291 1195 2350 8.
1208 2323 1248 2335 -
1258 2290 1405 2351 Maittair.

355 2394 391 2451 T.
411 2390 455 2466 11,
474 2412 505 2472 p.
527 2390 725 2469 199.Panzer
743 2386 863 2462 T.v11,
881 2407 913 2469 p.
932 2387 999 2467 539.
1017 2387 1053 2447 ln
1067 2387 1250 2449 Praefatione
1267 2390 1406 2473 queritur

357 2487 468 2548 Editor
479 2508 532 2547 seu
543 2499 720 2567 temporum
734 2485 907 2565 iniquitate,
915 2505 967 2544 seu
975 2484 1273 2568 chalcograpborum
1284 2488 1407 2571 imperi·

358 2586 401 2646 tia
420 2584 500 2645 male
518 2581 618 2643 adbuc
636 2581 780 2642 Suetonio
799 2582 927 2642 cessisse.
943 2584 1049 2643 Tantis
1068 2584 1152 2644 enim
1170 2585 1289 2646 mendis
1306 2587 1406 2648 immo

358 2683 504 2744 monstris
517 2679 734 2741 monstralibns
747 2679 901 2751 scatuisse,
920 2692 956 2739 ut
970 2692 1036 2740 tam
1050 2679 1183 2742 arduum
1196 2703 1262 2742 non
1281 2683 1407 2746 molitus

359 2793 434 2840 esset
448 2778 626 2859 negotium,
646 2778 705 2836 nisi
724 2779 759 2836 in
777 2791 863 2836 vetus
880 2789 910 2836 et
929 2777 969 2837 ob
989 2777 1021 2838 id
1035 2779 1235 2840 emendatum
1252 2781 1409 2844 incidisset

263 2893 265 2905 ·
359 2877 524 2960 exemplar,
534 2877 573 2937 ab
587 2877 715 2958 antiqua
726 2877 754 2936 S.
763 2876 895 2937 Victoris
904 2875 1094 2938 Bibliotheca
1105 2891 1273 2940 annectam
1286 2894 1408 2944 auctore

360 2977 477 3037 Jacobo
491 2976 529 3036 dc
546 2976 639 3035 Curia
655 2977 826 3057 Campano.
847 2978 885 3036 At
906 2989 1010 3038 tamen
1030 2979 1128 3060 ipsam
1149 2977 1228 3040 banc
1246 2981 1408 3071 Morilloni

361 3074 529 3134 editionem
542 3072 772 3132 vitiosissimam
785 3093 847 3133 esse
858 3085 988 3133 testatur
1000 3075 1120 3135 Ernesti
1133 3076 1167 3135 in
1178 3077 1310 3139 Fabricii
1324 3081 1356 3140 B.
1372 3081 1406 3140 L.

227 3209 229 3216 .
359 3170 394 3229 T.
410 3169 455 3244 li,
469 3189 501 3251 p.
513 3167 584 3245 455,
595 3167 649 3250 qui
666 3166 729 3249 ejus
742 3168 835 3228 etiam
848 3169 1022 3252 exemplum
1036 3169 1145 3233 babuit
1156 3173 1221 3234 sine
1233 3177 1308 3235 anni
1321 3189 1407 3240 nota.

363 3291 377 3322 u
387 3267 457 3326 Jam
470 3264 519 3326 hic
528 3265 729 3340 Morillonus,
739 3291 753 3323 u
765 3265 851 3326 addit
862 3266 944 3327 idem
956 3269 1125 3345 Ernestius,
1140 3295 1156 3328 a
1165 3272 1253 3334 valde
1264 3273 1410 3335 laudatur

361 3363 401 3424 ab
418 3362 552 3423 Adriano
567 3363 680 3437 Junio,
698 3363 792 3423 etiam
806 3365 839 3423 P.
855 3365 978 3425 Nunnio
997 3365 1031 3425 in
1046 3367 1132 3427 Misc.
1152 3369 1188 3428 L.
1199 3370 1237 3428 V.
1256 3371 1360 3448 initio,
1373 3383 1410 3432 ut

362 3464 402 3523 ab
421 3459 485 3543 ejus
501 3481 573 3521 cura
594 3461 712 3543 aliquid
732 3479 798 3522 non
812 3463 1032 3524 contemnendi
1048 3463 1199 3547 proficisci
1216 3469 1349 3548 potuisse
1365 3471 1411 3528 vi·

361 3560 481 3621 deatur.
496 3561 536 3618 Et
549 3556 681 3619 fortasse
694 3558 760 3620 haec
776 3561 916 3644 exemplu
933 3574 1005 3622 sunt
1017 3564 1212 3645 repetitiones
1226 3565 1341 3627 vitiosae
1354 3587 1411 3648 per

361 3653 631 3740 typographorum
655 3656 829 3717 incuriam:
854 3679 928 3719 nam
952 3673 982 3720 et
1003 3674 1146 3720 nostrum
1167 3663 1342 3746 exemplum
1366 3675 1411 3724 est

364 3754 609 3829 vitiosissimum,
628 3753 678 3814 ssd
700 3754 734 3812 in
755 3775 865 3836 genere
878 3754 1104 3839 typographico
1117 3781 1126 3818 s
1141 3771 1171 3818 et
1189 3772 1285 3822 exstat
1302 3759 1410 3820 melior

363 3853 439 3912 anni
456 3852 540 3914 1508.
551 3878 566 3909 n

408 3952 492 4030 1509.
509 3950 675 4011 Suetonius
689 3948 728 4010 de
741 3950 832 4010 claris
845 3951 1060 4013 Grammaticis
1075 3966 1106 4014 et
1119 3952 1314 4017 Rhetoribus.
1330 3956 1410 4017 Cum

364 4045 459 4106 Plinii
470 4048 613 4129 Epistolis
628 4061 659 4108 et
672 4047 759 4109 Julio
773 4049 976 4132 Obsequente.
986 4053 1136 4129 Venetiis,
1155 4054 1188 4113 in
1206 4054 1325 4116 sedibus
1340 4053 1411 4115 nidi
