3036 5128
364 534 424 598 108
733 533 767 594 G.
792 531 1028 598 SUETONII

404 663 534 728 LXXII.
549 659 681 726 Amicos
698 673 791 726 tanta
808 681 941 751 semper
955 657 1113 726 facilitate
1127 659 1409 755 indulgentiaque

358 775 529 853 tractavit,
550 786 589 838 ut
608 775 644 840 C.
664 773 796 864 Oppio,
822 775 995 842 comitanti
1018 797 1054 840 se
1079 797 1141 868 per
1165 772 1322 841 silvestre
1346 775 1422 866 iterv

358 897 580 974 correptoque
602 878 712 946 subita
735 877 944 964 valetudine,
969 897 1003 948 et
1028 877 1293 963 ¹deversoriolo,
1316 881 1409 976 quod

358 1015 466 1060 unum
480 1005 567 1072 erat,
586 989 696 1080 [loco]
710 993 865 1074 cesserit,
882 1005 916 1060 et
928 993 1000 1086 ipse
1014 991 1109 1059 humi
1123 1017 1164 1060 ac
1178 992 1242 1060 sub
1257 992 1337 1061 divo
1351 1017 1409 1060 cu·

359 1104 480 1172 buerit.
495 1107 572 1171 Iam
583 1117 698 1171 eutem
712 1127 828 1171 rerum
841 1117 961 1197 potens
971 1105 983 1187 ,'
996 1102 1161 1200 quosdam
1181 1107 1283 1174 etiem
1301 1103 1408 1172 infimi

360 1215 491 1306 generis
512 1211 555 1281 ad
573 1213 798 1307 amplissimos
820 1213 965 1282 honores
987 1217 1151 1308 provexit.
1175 1219 1291 1301 Quum
1311 1213 1356 1282 ob
1376 1213 1411 1281 id

360 1324 569 1416 culparetur,
590 1324 764 1416 professus
783 1337 834 1391 est
850 1322 981 1416 palam,
1006 1353 1019 1384 a
1034 1326 1062 1392 si
1075 1340 1306 1418 grassatorum
1322 1341 1356 1392 et
1368 1328 1409 1392 si-

359 1437 525 1505 cariorum
539 1459 603 1529 ope
617 1438 653 1503 in
668 1435 795 1503 tuenda
812 1459 875 1503 sua
890 1435 1049 1529 dignitate
1063 1461 1145 1504 usus
1163 1453 1269 1519 esset,
1287 1435 1409 1504 talibus

359 1570 495 1642 quoque
506 1571 542 1614 se
553 1571 670 1640 parem
682 1548 822 1637 gratim
833 1545 1029 1614 relaturum.
1043 1577 1055 1606 u

405 1662 555 1726 LXXIII.
576 1657 767 1727 Simultates
782 1675 900 1726 contra
914 1656 1026 1726 nullas
1042 1675 1113 1726 tam
1127 1681 1246 1750 graves
1264 1663 1410 1752 'excepit

359 1791 528 1862 unquam,
550 1783 590 1835 ut
610 1791 680 1836 non
700 1770 874 1836 occasione
894 1766 1007 1835 oblata
1025 1767 1133 1838 libens
1154 1766 1353 1861 deponeret.
1373 1774 1407 1836 G.

360 1879 547 1958 Memmii²,
560 1873 613 1969 cuj
618 1901 658 1944 us
670 1879 865 1970 asperrimis
874 1878 1082 1945 orationibus
1094 1903 1165 1946 non
1176 1881 1311 1947 minore
1322 1902 1410 1946 acer-

273 1979 277 1986 ’
360 1985 462 2055 bitate
481 1987 719 2081 rescripserat,
744 1992 846 2057 etiam
866 1989 1068 2082 suffragator
1088 2013 1168 2056 mox
1188 1991 1224 2056 in
1249 1992 1410 2082 petitione

360 2094 555 2166 consulatus
573 2100 647 2167 fuit.
670 2105 706 2168 C.
726 2099 847 2182 Calvo,
866 2117 944 2194 post
962 2099 1091 2168 famosa
1112 2104 1358 2194 epigrammata
1371 2095 1413 2167 de

360 2208 630 2277 reconciliatione
641 2233 703 2301 per
715 2211 839 2278 amicos
852 2212 982 2302 agenti,
998 2209 1088 2279 ultro
1103 2234 1142 2277 ac
1158 2213 1252 2304 prior
1267 2213 1408 2303 scripsit

360 2319 553 2389 Valetium³
570 2305 758 2404 Catullum,
779 2347 799 2390 a
818 2347 886 2418 quo
904 2322 968 2390 sibi
986 2322 1162 2391 versiculis
1178 2319 1221 2389 de
1235 2326 1411 2390 Mamurra

395 2565 497 2616 LXIIII.
519 2581 540 2616 t.
556 2565 592 2618 Et
603 2563 784 2632 devenoticlo,
795 2565 866 2636 quod
908 2565 1016 2619 venerio
1030 2565 1103 2635 Ioco,
1118 2567 1164 2640 qui
1176 2583 1243 2616 unus
1254 2575 1327 2629 erat,
1339 2580 1411 2616 ceste·

361 2655 521 2711 enumerat,
536 2642 739 2717 [loeo]cetserit.
755 2645 865 2695 Ilaecest
908 2645 950 2696 rit.
970 2647 1069 2697 Vocem
1092 2645 1163 2698 locus
1188 2661 1269 2696 sensu
1292 2641 1412 2712 intelligit

360 2720 512 2774 Casauboni
533 2723 700 2787 emendatio,
721 2736 827 2792 recepta
848 2739 863 2773 a
907 2722 1086 2788 letissimo,ut
1095 2726 1144 2786 sit,
1156 2720 1285 2795 quicquid
1295 2722 1411 2772 continet

361 2799 567 2874 Wolfiovulg„
578 2801 782 2855 etiudir'rersorio
791 2799 863 2867 loco,
896 2821 939 2854 'ac
951 2815 1035 2854 servat
1049 2799 1161 2874 aliqnffl,
1174 2800 1242 2854 adeo
1258 2819 1321 2872 pars
1336 2801 1411 2852 etiam

361 2877 864 2948 quodunumerat,cesterit,durissime
908 2879 1012 2946 domus,
1022 2879 1160 2948 conclave,
1168 2879 1413 2932 cubiculuml’ost-

361 2955 503 3008 verborum
510 2961 700 3028 conjunctione
710 2971 736 3012 et
743 2961 784 3011 vix
794 2979 864 3012 com·
909 2977 953 3028 ea,
964 2979 1014 3031 pro
1026 2961 1155 3027 cubuerit,
1165 2959 1343 3012 revocandam
1354 2977 1413 3010 een·

361 3033 472 3086 modum
490 3055 596 3090 tensum
613 3037 755 3091 efficiente.
775 3041 862 3092 Borm.
909 3053 948 3092 eet
962 3053 1075 3092 veterem
1092 3039 1233 3092 lectionem
1250 3039 1411 3104 accubuerit,

362 3113 444 3166 edidit
464 3115 591 3188 Stephani
609 3120 817 3171 correctionem:
837 3119 865 3169 iu
910 3138 941 3171 ex
953 3118 1143 3190 significatione
1156 3120 1294 3191 primaria,
1307 3136 1365 3190 qnae
1377 3131 1413 3169 est

361 3194 516 3264 diversorio,
533 3196 603 3269 quod
619 3215 699 3248 unum
718 3209 789 3262 erat,
808 3194 865 3250 loco
902 3201 981 3270 juxta
989 3199 1089 3250 cubare.
1097 3199 1137 3250 De
1144 3217 1173 3249 re
1181 3197 1248 3250 Plut.
1258 3198 1411 3266 nicaeap-

361 3275 467 3326 cessen't.
481 3275 604 3328 Oudend.
618 3295 679 3328 cum
694 3277 802 3329 Heinsio
817 3274 866 3328 de-
945 3276 1413 3348 LXXIII.1.Excepit,eepit‚susee·

363 3353 417 3405 dit:
440 3351 610 3408 deversoriolo
629 3375 676 3420 eo,
693 3356 765 3428 quod
783 3375 866 3408 uuum
911 3356 958 3426 pit.
969 3356 1136 3408 Contrarium
1147 3366 1187 3406 est
1196 3354 1335 3426 deponere.
1343 3353 1411 3404 Curt.

362 3442 431 3498 erat,
441 3433 546 3486 cesserit.
558 3431 681 3504 Reliquas
693 3435 808 3486 virorum
818 3432 867 3485 do·
912 3437 961 3498 VI,
979 3451 1025 3487 ro:
1043 3458 1055 3481 ι
1066 3433 1130 3507 quid
1144 3435 1345 3486 inimicitiarum
1360 3452 1413 3486 ere·

364 3524 466 3564 ctorum
492 3511 690 3565 emendationes
713 3511 772 3564 ride
794 3511 867 3584 apud
910 3515 970 3574 ditis
978 3528 1149 3586 excepturum
1157 3514 1287 3579 fuisse,si
1297 3514 1412 3564 insontes

365 3591 452 3643 Burm.
468 3605 494 3644 et
505 3589 644 3658 Oudend,
656 3609 722 3663 quae
736 3593 759 3643 si
772 3608 867 3660 augere
911 3590 1104 3644 lacessissent·
1113 3591 1153 3643 Cf.
1159 3589 1412 3644 Oudend.adb.l.et

365 3689 451 3742 operte
468 3670 584 3742 pretium
604 3681 688 3734 esset,
707 3669 866 3735 scriberem,
910 3669 982 3722 Gort.
996 3668 1029 3720 ad
1043 3671 1098 3721 Cic.
1113 3668 1146 3720 ad
1158 3669 1218 3720 Div.
1230 3669 1270 3734 X,
1284 3685 1308 3737 7.
1321 3669 1411 3717 -Pro

366 3749 865 3822 mutatainterpunetioue:deversorio,
912 3746 1011 3813 nullas,
1031 3747 1105 3800 MSS.
1124 3745 1245 3817 plerique
1266 3744 1368 3808 nullos,
1384 3756 1411 3794 ut

365 3831 435 3900 quod
445 3849 525 3883 uuum
537 3841 593 3883 erat
604 3829 674 3892 loco,
688 3829 799 3890 cetsert't,·
811 3827 866 3893 vel‚
911 3837 1000 3879 contra
1014 3827 1208 3898 praepositionis
1222 3827 1276 3876 vim
1290 3835 1384 3896 teneat.
1432 3889 1434 3894 Ι

366 3922 469 3962 servata
481 3911 559 3962 etiem
573 3909 774 3982 praepositione,
786 3909 814 3960 in
823 3909 868 3960 de·
949 3925 972 3958 2.
988 3907 1014 3957 C.
1025 3906 1154 3958 Memmii.
1162 3906 1202 3957 De
1210 3905 1263 3956 boc
1272 3904 1362 3955 videe.
1372 3903 1407 3953 23.

368 3989 488 4056 versoria,
497 3989 554 4043 loco
560 3989 631 4061 quod
640 4007 723 4041 uuum
733 3998 804 4052 erat,
814 4005 868 4040 ces·
911 4015 947 4026 -··
956 3986 995 4039 De
1005 3985 1107 4038 Licinio
1121 3985 1215 4052 calvo,
1229 4004 1253 4037 c.
1268 3985 1310 4054 49.

366 4067 493 4134 sericum
499 4081 593 4140 preter
599 4069 795 4121 distinctionem
803 4065 868 4118 nibil
949 4063 974 4115 3.
984 4065 1011 4116 V
1008 4061 1121 4116 clerium
1132 4062 1281 4128 Catullum,
1290 4057 1408 4133 aquosibt'

366 4147 393 4198 in
408 4145 478 4218 vulg.
496 4160 622 4201 mutatur.
637 4147 741 4201 Muller.
755 4147 867 4202 Observ.
914 4141 1057 4210 versiculis,
1067 4157 1116 4197 etc.
1126 4144 1240 4196 Carmen
1250 4142 1324 4193 estin
1333 4135 1407 4190 Catul-

229 4247 235 4258 ·
323 4301 325 4306 ,
368 4243 394 4296 p.
412 4223 805 4291 11,Iocumtueonuituit;ie
821 4225 868 4277 de·
913 4217 1389 4292 lianislIXIII(noet.Ed.pag.tol)=
