<?xml version="1.0" encoding="UTF-8"?>
<!DOCTYPE html PUBLIC "-//W3C//DTD XHTML 1.0 Transitional//EN"
    "http://www.w3.org/TR/xhtml1/DTD/xhtml1-transitional.dtd">
<html xmlns="http://www.w3.org/1999/xhtml" xml:lang="en" lang="en">
 <head>
  <title>
</title>
<meta http-equiv="Content-Type" content="text/html;charset=utf-8" />
  <meta name='ocr-system' content='tesseract 3.04.00' />
  <meta name='ocr-capabilities' content='ocr_page ocr_carea ocr_par ocr_line ocrx_word'/>
</head>
<body>
  <div class='ocr_page' id='page_1' title='image "./csuetoniitranqu02suetgoog_0158.png"; bbox 0 0 3036 5128; ppageno 0'>
   <div class='ocr_carea' id='block_1_1' title="bbox 318 517 985 610">
    <p class='ocr_par' dir='ltr' id='par_1_1' title="bbox 318 517 985 610">
     <span class='ocr_line' id='line_1_1' title="bbox 318 517 985 610; baseline -0.007 -24"><span class='ocrx_word' id='word_1_1' title='bbox 318 544 360 610; x_wconf 76' lang='lat'>92</span> <span class='ocrx_word' id='word_1_2' title='bbox 689 521 723 584; x_wconf 89' lang='lat' dir='ltr'>o.</span> <span class='ocrx_word' id='word_1_3' title='bbox 751 517 985 585; x_wconf 79' lang='lat' dir='ltr'>sunrouu</span> 
     </span>
    </p>
   </div>
   <div class='ocr_carea' id='block_1_2' title="bbox 318 639 1383 1507">
    <p class='ocr_par' dir='ltr' id='par_1_2' title="bbox 318 639 1383 1507">
     <span class='ocr_line' id='line_1_2' title="bbox 318 639 1369 737; baseline -0.006 -27"><span class='ocrx_word' id='word_1_4' title='bbox 318 641 464 737; x_wconf 83' lang='lat' dir='ltr'><strong>Reliquit</strong></span> <span class='ocrx_word' id='word_1_5' title='bbox 481 659 514 710; x_wconf 90' lang='lat' dir='ltr'>et</span> <span class='ocrx_word' id='word_1_6' title='bbox 535 645 583 708; x_wconf 88' lang='lat' dir='ltr'>De</span> <span class='ocrx_word' id='word_1_7' title='bbox 596 639 777 733; x_wconf 68' lang='grc' dir='ltr'>ΒΑπαὶοςία</span> <span class='ocrx_word' id='word_1_8' title='bbox 794 641 899 709; x_wconf 85' lang='lat' dir='ltr'>libros</span> <span class='ocrx_word' id='word_1_9' title='bbox 914 639 1016 719; x_wconf 87' lang='lat' dir='ltr'>duos,</span> <span class='ocrx_word' id='word_1_10' title='bbox 1031 653 1064 704; x_wconf 88' lang='lat' dir='ltr'>et</span> <span class='ocrx_word' id='word_1_11' title='bbox 1077 641 1304 704; x_wconf 78' lang='lat' dir='ltr'>⁹Anticatones</span> <span class='ocrx_word' id='word_1_12' title='bbox 1317 655 1369 704; x_wconf 89' lang='lat' dir='ltr'>to·</span> 
     </span>
     <span class='ocr_line' id='line_1_3' title="bbox 318 746 1383 844; baseline -0.005 -24"><span class='ocrx_word' id='word_1_13' title='bbox 318 751 438 834; x_wconf 72' lang='lat' dir='ltr'>tidem,</span> <span class='ocrx_word' id='word_1_14' title='bbox 450 776 490 819; x_wconf 89' lang='lat' dir='ltr'>ao</span> <span class='ocrx_word' id='word_1_15' title='bbox 505 767 669 844; x_wconf 71' lang='lat' dir='ltr'>praeterea</span> <span class='ocrx_word' id='word_1_16' title='bbox 684 775 805 844; x_wconf 91' lang='lat' dir='ltr'>poema</span> <span class='ocrx_word' id='word_1_17' title='bbox 814 765 857 830; x_wconf 86' lang='lat'>¹⁰,</span> <span class='ocrx_word' id='word_1_18' title='bbox 874 748 966 844; x_wconf 90' lang='lat' dir='ltr'>quod</span> <span class='ocrx_word' id='word_1_19' title='bbox 982 746 1173 816; x_wconf 81' lang='lat' dir='ltr'>inscribitur</span> <span class='ocrx_word' id='word_1_20' title='bbox 1186 750 1260 814; x_wconf 81' lang='lat' dir='ltr'>Iter.</span> <span class='ocrx_word' id='word_1_21' title='bbox 1276 752 1383 833; x_wconf 87' lang='lat' dir='ltr'>Quo-·</span> 
     </span>
     <span class='ocr_line' id='line_1_4' title="bbox 319 858 1369 953; baseline -0.006 -24"><span class='ocrx_word' id='word_1_22' title='bbox 319 887 396 930; x_wconf 89' lang='lat' dir='ltr'>rum</span> <span class='ocrx_word' id='word_1_23' title='bbox 408 861 571 930; x_wconf 89' lang='lat' dir='ltr'>librorum</span> <span class='ocrx_word' id='word_1_24' title='bbox 584 863 710 953; x_wconf 86' lang='lat' dir='ltr'>primos</span> <span class='ocrx_word' id='word_1_25' title='bbox 722 864 756 929; x_wconf 95' lang='lat' dir='ltr'>in</span> <span class='ocrx_word' id='word_1_26' title='bbox 775 863 919 928; x_wconf 86' lang='lat' dir='ltr'>transitu</span> <span class='ocrx_word' id='word_1_27' title='bbox 932 858 1084 950; x_wconf 83' lang='lat' dir='ltr'>Alpium,</span> <span class='ocrx_word' id='word_1_28' title='bbox 1102 883 1208 952; x_wconf 90' lang='lat' dir='ltr'>quum</span> <span class='ocrx_word' id='word_1_29' title='bbox 1226 882 1268 924; x_wconf 87' lang='lat' dir='ltr'>ex</span> <span class='ocrx_word' id='word_1_30' title='bbox 1285 861 1369 924; x_wconf 86' lang='lat' dir='ltr'>cite-</span> 
     </span>
     <span class='ocr_line' id='line_1_5' title="bbox 320 967 1367 1063; baseline -0.007 -22"><span class='ocrx_word' id='word_1_31' title='bbox 320 977 407 1041; x_wconf 88' lang='lat' dir='ltr'>riore</span> <span class='ocrx_word' id='word_1_32' title='bbox 418 972 541 1052; x_wconf 90' lang='lat' dir='ltr'>Gallia,</span> <span class='ocrx_word' id='word_1_33' title='bbox 559 971 781 1040; x_wconf 88' lang='lat' dir='ltr'>conventibus</span> <span class='ocrx_word' id='word_1_34' title='bbox 794 972 954 1063; x_wconf 85' lang='lat' dir='ltr'>peractis,</span> <span class='ocrx_word' id='word_1_35' title='bbox 967 967 1009 1036; x_wconf 91' lang='lat' dir='ltr'>ad</span> <span class='ocrx_word' id='word_1_36' title='bbox 1024 971 1209 1036; x_wconf 85' lang='lat' dir='ltr'>exercitum</span> <span class='ocrx_word' id='word_1_37' title='bbox 1224 967 1367 1048; x_wconf 71' lang='lat' dir='ltr'>rediret,</span> 
     </span>
     <span class='ocr_line' id='line_1_6' title="bbox 321 1080 1372 1179; baseline -0.006 -28"><span class='ocrx_word' id='word_1_38' title='bbox 321 1100 498 1179; x_wconf 85' lang='lat' dir='ltr'><strong>sequentes</strong></span> <span class='ocrx_word' id='word_1_39' title='bbox 520 1083 584 1152; x_wconf 89' lang='lat' dir='ltr'>snb</span> <span class='ocrx_word' id='word_1_40' title='bbox 605 1095 739 1178; x_wconf 83' lang='lat' dir='ltr'>tempus</span> <span class='ocrx_word' id='word_1_41' title='bbox 760 1082 959 1152; x_wconf 86' lang='lat' dir='ltr'>Mundensis</span> <span class='ocrx_word' id='word_1_42' title='bbox 980 1080 1088 1174; x_wconf 86' lang='lat' dir='ltr'>praelii</span> <span class='ocrx_word' id='word_1_43' title='bbox 1108 1080 1205 1160; x_wconf 72' lang='lat' dir='ltr'>fecit,</span> <span class='ocrx_word' id='word_1_44' title='bbox 1229 1081 1372 1146; x_wconf 84' lang='lat' dir='ltr'>novissi·</span> 
     </span>
     <span class='ocr_line' id='line_1_7' title="bbox 322 1190 1370 1286; baseline -0.007 -25"><span class='ocrx_word' id='word_1_45' title='bbox 322 1217 431 1274; x_wconf 90' lang='lat' dir='ltr'>mutu,</span> <span class='ocrx_word' id='word_1_46' title='bbox 448 1192 531 1262; x_wconf 93' lang='lat' dir='ltr'>dum</span> <span class='ocrx_word' id='word_1_47' title='bbox 543 1193 586 1262; x_wconf 91' lang='lat' dir='ltr'>ab</span> <span class='ocrx_word' id='word_1_48' title='bbox 601 1196 691 1262; x_wconf 84' lang='lat' dir='ltr'><strong>Urbe</strong></span> <span class='ocrx_word' id='word_1_49' title='bbox 703 1197 737 1262; x_wconf 93' lang='lat' dir='ltr'>in</span> <span class='ocrx_word' id='word_1_50' title='bbox 750 1195 945 1286; x_wconf 81' lang='lat' dir='ltr'>Hispaniam</span> <span class='ocrx_word' id='word_1_51' title='bbox 960 1190 1153 1259; x_wconf 82' lang='lat' dir='ltr'>ulteriorem</span> <span class='ocrx_word' id='word_1_52' title='bbox 1165 1205 1286 1284; x_wconf 91' lang='lat' dir='ltr'>quarto</span> <span class='ocrx_word' id='word_1_53' title='bbox 1297 1194 1319 1227; x_wconf 72' lang='lat'>‘¹</span> <span class='ocrx_word' id='word_1_54' title='bbox 1335 1207 1370 1255; x_wconf 89' lang='lat' dir='ltr'>et</span> 
     </span>
     <span class='ocr_line' id='line_1_8' title="bbox 322 1297 1370 1396; baseline -0.003 -28"><span class='ocrx_word' id='word_1_55' title='bbox 322 1303 479 1369; x_wconf 89' lang='lat' dir='ltr'>vicesimo</span> <span class='ocrx_word' id='word_1_56' title='bbox 492 1300 545 1369; x_wconf 87' lang='lat' dir='ltr'>die</span> <span class='ocrx_word' id='word_1_57' title='bbox 559 1307 722 1396; x_wconf 88' lang='lat' dir='ltr'>pervenit.</span> <span class='ocrx_word' id='word_1_58' title='bbox 741 1302 899 1395; x_wconf 85' lang='lat' dir='ltr'>Epistolae</span> <span class='ocrx_word' id='word_1_59' title='bbox 911 1325 1047 1396; x_wconf 90' lang='lat' dir='ltr'>quoque</span> <span class='ocrx_word' id='word_1_60' title='bbox 1064 1298 1138 1393; x_wconf 84' lang='lat' dir='ltr'>ejus</span> <span class='ocrx_word' id='word_1_61' title='bbox 1151 1297 1194 1366; x_wconf 90' lang='lat' dir='ltr'>ad</span> <span class='ocrx_word' id='word_1_62' title='bbox 1209 1301 1370 1366; x_wconf 80' lang='lat' dir='ltr'>Senatum</span> 
     </span>
     <span class='ocr_line' id='line_1_9' title="bbox 323 1409 1370 1507; baseline -0.001 -30"><span class='ocrx_word' id='word_1_63' title='bbox 323 1425 472 1492; x_wconf 85' lang='lat' dir='ltr'>exstant,</span> <span class='ocrx_word' id='word_1_64' title='bbox 498 1437 583 1507; x_wconf 92' lang='lat' dir='ltr'>quas</span> <span class='ocrx_word' id='word_1_65' title='bbox 606 1416 736 1506; x_wconf 85' lang='lat' dir='ltr'>primns</span> <span class='ocrx_word' id='word_1_66' title='bbox 756 1411 889 1480; x_wconf 87' lang='lat' dir='ltr'>videtur</span> <span class='ocrx_word' id='word_1_67' title='bbox 913 1410 955 1479; x_wconf 92' lang='lat' dir='ltr'>ad</span> <span class='ocrx_word' id='word_1_68' title='bbox 980 1413 1150 1503; x_wconf 74' lang='lat' dir='ltr'>¹²paginas</span> <span class='ocrx_word' id='word_1_69' title='bbox 1172 1424 1205 1476; x_wconf 90' lang='lat' dir='ltr'>et</span> <span class='ocrx_word' id='word_1_70' title='bbox 1224 1409 1370 1476; x_wconf 88' lang='lat' dir='ltr'>formam</span> 
     </span>
    </p>
   </div>
   <div class='ocr_carea' id='block_1_3' title="bbox 325 1593 1431 2064">
    <p class='ocr_par' dir='ltr' id='par_1_3' title="bbox 326 1593 1372 1829">
     <span class='ocr_line' id='line_1_10' title="bbox 326 1593 1371 1673; baseline 0.002 -27"><span class='ocrx_word' id='word_1_71' title='bbox 326 1619 337 1640; x_wconf 75' lang='grc' dir='ltr'>ι</span> <span class='ocrx_word' id='word_1_72' title='bbox 347 1599 420 1648; x_wconf 80' lang='lat' dir='ltr'>avoir</span> <span class='ocrx_word' id='word_1_73' title='bbox 427 1601 481 1651; x_wconf 85' lang='lat' dir='ltr'>este&#39;</span> <span class='ocrx_word' id='word_1_74' title='bbox 489 1612 626 1652; x_wconf 85' lang='lat' dir='ltr'>executees</span> <span class='ocrx_word' id='word_1_75' title='bbox 633 1619 682 1671; x_wconf 92' lang='lat' dir='ltr'>par</span> <span class='ocrx_word' id='word_1_76' title='bbox 690 1599 749 1673; x_wconf 71' lang='lat' dir='ltr'>luy,</span> <span class='ocrx_word' id='word_1_77' title='bbox 762 1599 825 1672; x_wconf 87' lang='lat' dir='ltr'>qu&#39;il</span> <span class='ocrx_word' id='word_1_78' title='bbox 868 1598 956 1652; x_wconf 83' lang='lat' dir='ltr'>adme</span> <span class='ocrx_word' id='word_1_79' title='bbox 968 1600 1054 1664; x_wconf 85' lang='lat' dir='ltr'>misit,</span> <span class='ocrx_word' id='word_1_80' title='bbox 1073 1599 1100 1649; x_wconf 92' lang='lat' dir='ltr'>in</span> <span class='ocrx_word' id='word_1_81' title='bbox 1117 1616 1170 1668; x_wconf 89' lang='lat' dir='ltr'>quo</span> <span class='ocrx_word' id='word_1_82' title='bbox 1187 1593 1289 1666; x_wconf 69' lang='lat' dir='ltr'>colligit</span> <span class='ocrx_word' id='word_1_83' title='bbox 1307 1598 1371 1648; x_wconf 80' lang='lat' dir='ltr'>vitia</span> 
     </span>
     <span class='ocr_line' id='line_1_11' title="bbox 326 1673 1372 1753; baseline -0.004 -25"><span class='ocrx_word' id='word_1_84' title='bbox 326 1701 337 1722; x_wconf 69' lang='lat' dir='ltr'>a</span> <span class='ocrx_word' id='word_1_85' title='bbox 347 1677 650 1752; x_wconf 69' lang='lat' dir='ltr'>n&#39;ysoitalldbeaucoup</span> <span class='ocrx_word' id='word_1_86' title='bbox 658 1679 824 1753; x_wconf 85' lang='lat' dir='ltr'>plusduaien</span> <span class='ocrx_word' id='word_1_87' title='bbox 868 1675 993 1743; x_wconf 82' lang='lat' dir='ltr'>Catonis,</span> <span class='ocrx_word' id='word_1_88' title='bbox 1009 1675 1055 1728; x_wconf 86' lang='lat' dir='ltr'>sed</span> <span class='ocrx_word' id='word_1_89' title='bbox 1072 1693 1133 1726; x_wconf 87' lang='lat' dir='ltr'>cum</span> <span class='ocrx_word' id='word_1_90' title='bbox 1150 1675 1269 1728; x_wconf 80' lang='lat' dir='ltr'>maximis</span> <span class='ocrx_word' id='word_1_91' title='bbox 1285 1673 1372 1725; x_wconf 84' lang='lat' dir='ltr'>landi-</span> 
     </span>
     <span class='ocr_line' id='line_1_12' title="bbox 327 1751 1371 1829; baseline -0.002 -22"><span class='ocrx_word' id='word_1_92' title='bbox 327 1755 411 1825; x_wconf 75' lang='lat' dir='ltr'>uqu&#39;il</span> <span class='ocrx_word' id='word_1_93' title='bbox 426 1755 467 1829; x_wconf 75' lang='lat' dir='ltr'>n&#39;y</span> <span class='ocrx_word' id='word_1_94' title='bbox 479 1776 513 1810; x_wconf 89' lang='lat' dir='ltr'>en</span> <span class='ocrx_word' id='word_1_95' title='bbox 526 1771 612 1810; x_wconf 76' lang='lat' dir='ltr'>met·</span> <span class='ocrx_word' id='word_1_96' title='bbox 868 1755 918 1808; x_wconf 90' lang='lat' dir='ltr'>bus</span> <span class='ocrx_word' id='word_1_97' title='bbox 942 1756 1038 1808; x_wconf 76' lang='lat' dir='ltr'>meis.»</span> <span class='ocrx_word' id='word_1_98' title='bbox 1062 1753 1095 1804; x_wconf 82' lang='lat' dir='ltr'>Et</span> <span class='ocrx_word' id='word_1_99' title='bbox 1114 1754 1208 1823; x_wconf 75' lang='lat' dir='ltr'>saepius</span> <span class='ocrx_word' id='word_1_100' title='bbox 1226 1753 1254 1804; x_wconf 90' lang='lat' dir='ltr'>in</span> <span class='ocrx_word' id='word_1_101' title='bbox 1275 1751 1371 1805; x_wconf 81' lang='lat' dir='ltr'>iisdem</span> 
     </span>
    </p>

    <p class='ocr_par' dir='ltr' id='par_1_4' title="bbox 325 1831 1431 2064">
     <span class='ocr_line' id='line_1_13' title="bbox 353 1831 1372 1911; baseline -0.004 -25"><span class='ocrx_word' id='word_1_102' title='bbox 353 1833 824 1911; x_wconf 67' lang='lat' dir='ltr'>8.neAmtoyta.Getl.1,10:·atque</span> <span class='ocrx_word' id='word_1_103' title='bbox 870 1838 946 1908; x_wconf 84' lang='lat' dir='ltr'>epist.</span> <span class='ocrx_word' id='word_1_104' title='bbox 958 1833 1110 1887; x_wconf 84' lang='lat' dir='ltr'>laudantur.</span> <span class='ocrx_word' id='word_1_105' title='bbox 1123 1831 1199 1884; x_wconf 77' lang='lat' dir='ltr'>Adde</span> <span class='ocrx_word' id='word_1_106' title='bbox 1207 1833 1293 1883; x_wconf 86' lang='lat' dir='ltr'>Tacit.</span> <span class='ocrx_word' id='word_1_107' title='bbox 1301 1833 1372 1883; x_wconf 78' lang='lat' dir='ltr'>dnn.</span> 
     </span>
     <span class='ocr_line' id='line_1_14' title="bbox 325 1910 1373 1984; baseline 0.002 -22"><span class='ocrx_word' id='word_1_108' title='bbox 325 1910 365 1976; x_wconf 83' lang='lat' dir='ltr'>id,</span> <span class='ocrx_word' id='word_1_109' title='bbox 374 1911 748 1982; x_wconf 78' lang='lat' dir='ltr'>quodaCoesare,excollentis</span> <span class='ocrx_word' id='word_1_110' title='bbox 755 1917 826 1984; x_wconf 72' lang='lat' dir='ltr'>inge-</span> <span class='ocrx_word' id='word_1_111' title='bbox 870 1917 916 1981; x_wconf 99' lang='grc' dir='ltr'>Ν,</span> <span class='ocrx_word' id='word_1_112' title='bbox 929 1915 978 1981; x_wconf 75' lang='grc'>34;</span> <span class='ocrx_word' id='word_1_113' title='bbox 993 1912 1104 1982; x_wconf 89' lang='lat' dir='ltr'>Quintil.</span> <span class='ocrx_word' id='word_1_114' title='bbox 1120 1915 1202 1965; x_wconf 89' lang='lat' dir='ltr'>lnstit.</span> <span class='ocrx_word' id='word_1_115' title='bbox 1216 1913 1264 1980; x_wconf 86' lang='lat' dir='ltr'>lll,</span> <span class='ocrx_word' id='word_1_116' title='bbox 1279 1930 1309 1982; x_wconf 83' lang='lat'>7,</span> <span class='ocrx_word' id='word_1_117' title='bbox 1324 1913 1373 1972; x_wconf 72' lang='lat'>²83</span> 
     </span>
     <span class='ocr_line' id='line_1_15' title="bbox 326 1987 1431 2064; baseline 0.006 -26"><span class='ocrx_word' id='word_1_118' title='bbox 326 1990 362 2040; x_wconf 90' lang='lat' dir='ltr'>nii</span> <span class='ocrx_word' id='word_1_119' title='bbox 373 2006 405 2039; x_wconf 87' lang='lat' dir='ltr'>ae</span> <span class='ocrx_word' id='word_1_120' title='bbox 417 1987 562 2058; x_wconf 74' lang='lat' dir='ltr'>prudentia</span> <span class='ocrx_word' id='word_1_121' title='bbox 574 1992 644 2056; x_wconf 82' lang='lat' dir='ltr'>viro,</span> <span class='ocrx_word' id='word_1_122' title='bbox 659 1992 687 2043; x_wconf 89' lang='lat' dir='ltr'>in</span> <span class='ocrx_word' id='word_1_123' title='bbox 698 1990 826 2064; x_wconf 76' lang='lat' dir='ltr'>primodo</span> <span class='ocrx_word' id='word_1_124' title='bbox 870 1994 935 2049; x_wconf 63' lang='lat' dir='ltr'>Gall.</span> <span class='ocrx_word' id='word_1_125' title='bbox 947 1992 1374 2062; x_wconf 69' lang='lat' dir='ltr'>1v‚1s,craecalocadatluum-</span> <span class='ocrx_word' id='word_1_126' title='bbox 1429 2059 1431 2062; x_wconf 22' lang='grc' dir='ltr'>Ι</span> 
     </span>
    </p>
   </div>
   <div class='ocr_carea' id='block_1_4' title="bbox 325 2065 1469 2146">
    <p class='ocr_par' dir='ltr' id='par_1_5' title="bbox 325 2065 1469 2146">
     <span class='ocr_line' id='line_1_16' title="bbox 325 2065 1469 2146; baseline 0.007 -30"><span class='ocrx_word' id='word_1_127' title='bbox 325 2065 455 2139; x_wconf 67' lang='lat' dir='ltr'>Analoyia</span> <span class='ocrx_word' id='word_1_128' title='bbox 465 2066 535 2120; x_wconf 86' lang='lat' dir='ltr'>libro</span> <span class='ocrx_word' id='word_1_129' title='bbox 545 2070 674 2140; x_wconf 85' lang='lat' dir='ltr'>scriptum</span> <span class='ocrx_word' id='word_1_130' title='bbox 685 2081 822 2136; x_wconf 78' lang='lat' dir='ltr'>eat‚eto.·</span> <span class='ocrx_word' id='word_1_131' title='bbox 869 2088 936 2146; x_wconf 70' lang='lat' dir='ltr'>gart.</span> <span class='ocrx_word' id='word_1_132' title='bbox 954 2074 1089 2136; x_wconf 73' lang='lat' dir='ltr'>Ceterum,</span> <span class='ocrx_word' id='word_1_133' title='bbox 1103 2072 1208 2124; x_wconf 86' lang='lat' dir='ltr'>duobus</span> <span class='ocrx_word' id='word_1_134' title='bbox 1223 2072 1281 2124; x_wconf 83' lang='lat' dir='ltr'>istis</span> <span class='ocrx_word' id='word_1_135' title='bbox 1299 2071 1374 2124; x_wconf 83' lang='lat' dir='ltr'>libris</span> <span class='ocrx_word' id='word_1_136' title='bbox 1459 2083 1469 2092; x_wconf 93' lang='lat'>&#39;</span> 
     </span>
    </p>
   </div>
   <div class='ocr_carea' id='block_1_5' title="bbox 324 2143 1377 3567">
    <p class='ocr_par' dir='ltr' id='par_1_6' title="bbox 324 2143 1375 2853">
     <span class='ocr_line' id='line_1_17' title="bbox 326 2143 1375 2225; baseline 0.006 -29"><span class='ocrx_word' id='word_1_137' title='bbox 326 2143 410 2210; x_wconf 85' lang='lat' dir='ltr'>ldent,</span> <span class='ocrx_word' id='word_1_138' title='bbox 420 2147 465 2211; x_wconf 89' lang='grc' dir='ltr'>Ν,</span> <span class='ocrx_word' id='word_1_139' title='bbox 478 2146 523 2197; x_wconf 85' lang='lat'>16:</span> <span class='ocrx_word' id='word_1_140' title='bbox 534 2171 546 2194; x_wconf 74' lang='lat' dir='ltr'>a</span> <span class='ocrx_word' id='word_1_141' title='bbox 555 2148 585 2200; x_wconf 89' lang='lat' dir='ltr'>C.</span> <span class='ocrx_word' id='word_1_142' title='bbox 594 2151 709 2201; x_wconf 81' lang='lat' dir='ltr'>Caesar...</span> <span class='ocrx_word' id='word_1_143' title='bbox 717 2151 744 2200; x_wconf 89' lang='lat' dir='ltr'>in</span> <span class='ocrx_word' id='word_1_144' title='bbox 752 2147 825 2202; x_wconf 87' lang='lat' dir='ltr'>libris</span> <span class='ocrx_word' id='word_1_145' title='bbox 871 2154 994 2208; x_wconf 81' lang='lat' dir='ltr'>Antioato</span> <span class='ocrx_word' id='word_1_146' title='bbox 1004 2155 1111 2225; x_wconf 86' lang='lat' dir='ltr'>proprie</span> <span class='ocrx_word' id='word_1_147' title='bbox 1121 2169 1218 2204; x_wconf 89' lang='lat' dir='ltr'>nomen</span> <span class='ocrx_word' id='word_1_148' title='bbox 1230 2151 1295 2216; x_wconf 83' lang='lat' dir='ltr'>luit,</span> <span class='ocrx_word' id='word_1_149' title='bbox 1303 2148 1375 2203; x_wconf 91' lang='lat' dir='ltr'>unde</span> 
     </span>
     <span class='ocr_line' id='line_1_18' title="bbox 326 2225 1375 2304; baseline 0.006 -29"><span class='ocrx_word' id='word_1_150' title='bbox 326 2242 432 2296; x_wconf 89' lang='lat' dir='ltr'>quoque</span> <span class='ocrx_word' id='word_1_151' title='bbox 453 2225 605 2300; x_wconf 74' lang='lat' dir='ltr'>Anuloqicis</span> <span class='ocrx_word' id='word_1_152' title='bbox 625 2229 714 2280; x_wconf 88' lang='lat' dir='ltr'>omnia</span> <span class='ocrx_word' id='word_1_153' title='bbox 735 2229 826 2282; x_wconf 77' lang='lat' dir='ltr'>istiua-</span> <span class='ocrx_word' id='word_1_154' title='bbox 870 2229 1375 2304; x_wconf 73' lang='lat' dir='ltr'>legendumbic,tetAnticatonistoti·</span> 
     </span>
     <span class='ocr_line' id='line_1_19' title="bbox 326 2302 1373 2381; baseline 0.006 -28"><span class='ocrx_word' id='word_1_155' title='bbox 326 2302 398 2354; x_wconf 87' lang='lat' dir='ltr'>modi</span> <span class='ocrx_word' id='word_1_156' title='bbox 420 2303 547 2375; x_wconf 85' lang='lat' dir='ltr'>(omatu,</span> <span class='ocrx_word' id='word_1_157' title='bbox 570 2307 721 2372; x_wconf 80' lang='lat' dir='ltr'>dominatu,</span> <span class='ocrx_word' id='word_1_158' title='bbox 746 2306 826 2360; x_wconf 90' lang='lat' dir='ltr'>alios·</span> <span class='ocrx_word' id='word_1_159' title='bbox 871 2310 947 2378; x_wconf 86' lang='lat' dir='ltr'>dem,</span> <span class='ocrx_word' id='word_1_160' title='bbox 957 2333 969 2357; x_wconf 68' lang='grc' dir='ltr'><strong>υ</strong></span> <span class='ocrx_word' id='word_1_161' title='bbox 987 2312 1110 2381; x_wconf 81' lang='lat' dir='ltr'>opinatur</span> <span class='ocrx_word' id='word_1_162' title='bbox 1124 2306 1228 2360; x_wconf 82' lang='lat' dir='ltr'>Mulier.</span> <span class='ocrx_word' id='word_1_163' title='bbox 1243 2306 1273 2359; x_wconf 93' lang='lat' dir='ltr'>d.</span> <span class='ocrx_word' id='word_1_164' title='bbox 1289 2306 1308 2360; x_wconf 91' lang='lat' dir='ltr'>l.</span> <span class='ocrx_word' id='word_1_165' title='bbox 1324 2306 1373 2360; x_wconf 85' lang='lat' dir='ltr'>Sed</span> 
     </span>
     <span class='ocr_line' id='line_1_20' title="bbox 326 2382 1373 2459; baseline 0.003 -25"><span class='ocrx_word' id='word_1_166' title='bbox 326 2402 378 2453; x_wconf 83' lang='lat' dir='ltr'>que</span> <span class='ocrx_word' id='word_1_167' title='bbox 392 2382 495 2436; x_wconf 81' lang='lat' dir='ltr'>dativus</span> <span class='ocrx_word' id='word_1_168' title='bbox 511 2399 608 2456; x_wconf 83' lang='lat' dir='ltr'>quartae</span> <span class='ocrx_word' id='word_1_169' title='bbox 624 2385 826 2456; x_wconf 86' lang='lat' dir='ltr'>declinationis)</span> <span class='ocrx_word' id='word_1_170' title='bbox 872 2388 1373 2459; x_wconf 71' lang='lat' dir='ltr'>altem,Anticatones,praeterquarn</span> 
     </span>
     <span class='ocr_line' id='line_1_21' title="bbox 326 2463 1373 2538; baseline 0.002 -24"><span class='ocrx_word' id='word_1_171' title='bbox 326 2465 382 2514; x_wconf 81' lang='lat' dir='ltr'>aine</span> <span class='ocrx_word' id='word_1_172' title='bbox 395 2463 470 2516; x_wconf 89' lang='lat' dir='ltr'>litera</span> <span class='ocrx_word' id='word_1_173' title='bbox 484 2466 493 2515; x_wconf 83' lang='lat' dir='ltr'>i</span> <span class='ocrx_word' id='word_1_174' title='bbox 506 2463 617 2517; x_wconf 84' lang='lat' dir='ltr'>dicenda</span> <span class='ocrx_word' id='word_1_175' title='bbox 633 2479 759 2528; x_wconf 61' lang='lat' dir='ltr'>censen·</span> <span class='ocrx_word' id='word_1_176' title='bbox 776 2467 826 2533; x_wconf 83' lang='lat' dir='ltr'>IX,</span> <span class='ocrx_word' id='word_1_177' title='bbox 872 2465 942 2538; x_wconf 90' lang='lat' dir='ltr'>quod</span> <span class='ocrx_word' id='word_1_178' title='bbox 954 2465 1087 2536; x_wconf 72' lang='lat' dir='ltr'>eleganter</span> <span class='ocrx_word' id='word_1_179' title='bbox 1098 2465 1131 2516; x_wconf 89' lang='lat' dir='ltr'>de</span> <span class='ocrx_word' id='word_1_180' title='bbox 1142 2463 1249 2516; x_wconf 86' lang='lat' dir='ltr'>duobus</span> <span class='ocrx_word' id='word_1_181' title='bbox 1262 2463 1317 2516; x_wconf 89' lang='lat' dir='ltr'>dici</span> <span class='ocrx_word' id='word_1_182' title='bbox 1327 2484 1373 2536; x_wconf 91' lang='lat' dir='ltr'>po-</span> 
     </span>
     <span class='ocr_line' id='line_1_22' title="bbox 331 2540 1333 2612; baseline 0.002 -21"><span class='ocrx_word' id='word_1_183' title='bbox 331 2540 360 2606; x_wconf 75' lang='grc'>14</span> <span class='ocrx_word' id='word_1_184' title='bbox 373 2563 379 2592; x_wconf 89' lang='lat'><strong>:</strong></span> <span class='ocrx_word' id='word_1_185' title='bbox 396 2544 446 2595; x_wconf 76' lang='lat' dir='ltr'>«c.</span> <span class='ocrx_word' id='word_1_186' title='bbox 459 2545 543 2596; x_wconf 80' lang='lat' dir='ltr'>Caeaar</span> <span class='ocrx_word' id='word_1_187' title='bbox 555 2546 583 2596; x_wconf 89' lang='lat' dir='ltr'>in</span> <span class='ocrx_word' id='word_1_188' title='bbox 597 2544 665 2596; x_wconf 91' lang='lat' dir='ltr'>libro</span> <span class='ocrx_word' id='word_1_189' title='bbox 679 2545 710 2596; x_wconf 89' lang='lat' dir='ltr'>de</span> <span class='ocrx_word' id='word_1_190' title='bbox 723 2545 826 2598; x_wconf 76' lang='lat' dir='ltr'>Attalo·</span> <span class='ocrx_word' id='word_1_191' title='bbox 872 2546 965 2612; x_wconf 81' lang='lat' dir='ltr'>tuerit,</span> <span class='ocrx_word' id='word_1_192' title='bbox 977 2557 1067 2596; x_wconf 88' lang='lat' dir='ltr'>tuetur</span> <span class='ocrx_word' id='word_1_193' title='bbox 1077 2542 1198 2597; x_wconf 79' lang='lat' dir='ltr'>Juvenal.</span> <span class='ocrx_word' id='word_1_194' title='bbox 1210 2544 1260 2610; x_wconf 84' lang='lat' dir='ltr'>Vl,</span> <span class='ocrx_word' id='word_1_195' title='bbox 1273 2544 1333 2598; x_wconf 84' lang='lat'>338.</span> 
     </span>
     <span class='ocr_line' id='line_1_23' title="bbox 324 2621 1374 2697; baseline 0.004 -26"><span class='ocrx_word' id='word_1_196' title='bbox 324 2622 369 2694; x_wconf 70' lang='lat' dir='ltr'>qia</span> <span class='ocrx_word' id='word_1_197' title='bbox 381 2621 499 2674; x_wconf 86' lang='lat' dir='ltr'>secundo</span> <span class='ocrx_word' id='word_1_198' title='bbox 513 2623 587 2695; x_wconf 81' lang='lat' dir='ltr'>liujus</span> <span class='ocrx_word' id='word_1_199' title='bbox 598 2623 640 2676; x_wconf 85' lang='lat' dir='ltr'>die</span> <span class='ocrx_word' id='word_1_200' title='bbox 649 2638 674 2676; x_wconf 91' lang='lat' dir='ltr'>et</span> <span class='ocrx_word' id='word_1_201' title='bbox 687 2624 761 2697; x_wconf 63' lang='lat' dir='ltr'>buj&#39;tu</span> <span class='ocrx_word' id='word_1_202' title='bbox 771 2643 827 2696; x_wconf 80' lang='lat' dir='ltr'>spe·</span> <span class='ocrx_word' id='word_1_203' title='bbox 912 2639 951 2678; x_wconf 92' lang='lat' dir='ltr'>to.</span> <span class='ocrx_word' id='word_1_204' title='bbox 971 2625 1070 2676; x_wconf 74' lang='lat' dir='ltr'>Poma</span> <span class='ocrx_word' id='word_1_205' title='bbox 1080 2660 1086 2674; x_wconf 91' lang='lat'>.</span> <span class='ocrx_word' id='word_1_206' title='bbox 1098 2660 1122 2675; x_wconf 92' lang='lat'>..</span> <span class='ocrx_word' id='word_1_207' title='bbox 1138 2625 1198 2675; x_wconf 86' lang='lat' dir='ltr'>Iter.</span> <span class='ocrx_word' id='word_1_208' title='bbox 1214 2623 1253 2675; x_wconf 85' lang='lat' dir='ltr'>De</span> <span class='ocrx_word' id='word_1_209' title='bbox 1268 2622 1374 2694; x_wconf 75' lang='lat' dir='ltr'>reliquis</span> 
     </span>
     <span class='ocr_line' id='line_1_24' title="bbox 326 2700 1372 2774; baseline 0.002 -24"><span class='ocrx_word' id='word_1_210' title='bbox 326 2701 364 2750; x_wconf 82' lang='lat' dir='ltr'>cie</span> <span class='ocrx_word' id='word_1_211' title='bbox 373 2700 514 2754; x_wconf 89' lang='lat' dir='ltr'>dicendum</span> <span class='ocrx_word' id='word_1_212' title='bbox 527 2705 762 2772; x_wconf 67' lang='lat' dir='ltr'>putat30X1X‚8:</span> <span class='ocrx_word' id='word_1_213' title='bbox 775 2705 824 2756; x_wconf 73' lang='lat' dir='ltr'>aC.</span> <span class='ocrx_word' id='word_1_214' title='bbox 871 2705 928 2772; x_wconf 86' lang='lat' dir='ltr'>ejus</span> <span class='ocrx_word' id='word_1_215' title='bbox 947 2702 1115 2774; x_wconf 85' lang='lat' dir='ltr'>poematibus</span> <span class='ocrx_word' id='word_1_216' title='bbox 1131 2701 1191 2753; x_wconf 77' lang='lat' dir='ltr'>vide</span> <span class='ocrx_word' id='word_1_217' title='bbox 1203 2719 1253 2752; x_wconf 83' lang='lat' dir='ltr'>uos</span> <span class='ocrx_word' id='word_1_218' title='bbox 1264 2701 1372 2770; x_wconf 61' lang='lat' dir='ltr'>(Caesar.</span> 
     </span>
     <span class='ocr_line' id='line_1_25' title="bbox 326 2777 1321 2853; baseline -0.004 -21"><span class='ocrx_word' id='word_1_219' title='bbox 326 2781 413 2832; x_wconf 73' lang='lat' dir='ltr'>Cesar</span> <span class='ocrx_word' id='word_1_220' title='bbox 426 2780 484 2845; x_wconf 87' lang='lat' dir='ltr'>ille,</span> <span class='ocrx_word' id='word_1_221' title='bbox 496 2795 642 2853; x_wconf 84' lang='lat' dir='ltr'>perpetuus</span> <span class='ocrx_word' id='word_1_222' title='bbox 655 2785 821 2837; x_wconf 82' lang='lat' dir='ltr'>Dictator...</span> <span class='ocrx_word' id='word_1_223' title='bbox 872 2795 937 2833; x_wconf 88' lang='lat' dir='ltr'>tom.</span> <span class='ocrx_word' id='word_1_224' title='bbox 949 2783 998 2846; x_wconf 88' lang='grc' dir='ltr'>Ν,</span> <span class='ocrx_word' id='word_1_225' title='bbox 1012 2799 1073 2852; x_wconf 79' lang='lat' dir='ltr'>pag.</span> <span class='ocrx_word' id='word_1_226' title='bbox 1089 2797 1120 2850; x_wconf 79' lang='lat'>27</span> <span class='ocrx_word' id='word_1_227' title='bbox 1133 2778 1212 2849; x_wconf 72' lang='lat' dir='ltr'>buius</span> <span class='ocrx_word' id='word_1_228' title='bbox 1224 2777 1321 2850; x_wconf 77' lang='lat' dir='ltr'>Edit).</span> 
     </span>
    </p>

    <p class='ocr_par' dir='ltr' id='par_1_7' title="bbox 327 2857 1376 3250">
     <span class='ocr_line' id='line_1_26' title="bbox 327 2857 1375 2932; baseline 0.004 -24"><span class='ocrx_word' id='word_1_229' title='bbox 327 2859 366 2908; x_wconf 85' lang='lat' dir='ltr'>rir</span> <span class='ocrx_word' id='word_1_230' title='bbox 379 2860 478 2929; x_wconf 74' lang='lat' dir='ltr'>ingenii</span> <span class='ocrx_word' id='word_1_231' title='bbox 494 2861 682 2932; x_wconf 66' lang='lat' dir='ltr'>praecellentis,</span> <span class='ocrx_word' id='word_1_232' title='bbox 700 2865 826 2916; x_wconf 85' lang='lat' dir='ltr'>sermonis</span> <span class='ocrx_word' id='word_1_233' title='bbox 912 2878 951 2912; x_wconf 83' lang='grc' dir='ltr'>Η.</span> <span class='ocrx_word' id='word_1_234' title='bbox 972 2863 1070 2931; x_wconf 81' lang='lat' dir='ltr'>Quarto</span> <span class='ocrx_word' id='word_1_235' title='bbox 1085 2872 1109 2912; x_wconf 85' lang='lat' dir='ltr'>et</span> <span class='ocrx_word' id='word_1_236' title='bbox 1124 2859 1245 2911; x_wconf 78' lang='lat' dir='ltr'>uicesimo</span> <span class='ocrx_word' id='word_1_237' title='bbox 1258 2858 1309 2910; x_wconf 83' lang='lat' dir='ltr'>dt&#39;e.</span> <span class='ocrx_word' id='word_1_238' title='bbox 1325 2857 1375 2909; x_wconf 77' lang='lat' dir='ltr'>Ca·</span> 
     </span>
     <span class='ocr_line' id='line_1_27' title="bbox 328 2938 1375 3011; baseline 0.001 -24"><span class='ocrx_word' id='word_1_239' title='bbox 328 2952 422 3006; x_wconf 78' lang='lat' dir='ltr'>praeter</span> <span class='ocrx_word' id='word_1_240' title='bbox 434 2938 499 2991; x_wconf 87' lang='lat' dir='ltr'>alios</span> <span class='ocrx_word' id='word_1_241' title='bbox 514 2959 566 2992; x_wconf 80' lang='lat' dir='ltr'>sure</span> <span class='ocrx_word' id='word_1_242' title='bbox 580 2945 661 2994; x_wconf 78' lang='lat' dir='ltr'>etatis</span> <span class='ocrx_word' id='word_1_243' title='bbox 673 2945 828 3010; x_wconf 84' lang='lat' dir='ltr'>castissimi,</span> <span class='ocrx_word' id='word_1_244' title='bbox 873 2940 949 2994; x_wconf 77' lang='lat' dir='ltr'>asub.</span> <span class='ocrx_word' id='word_1_245' title='bbox 965 2939 1108 3011; x_wconf 78' lang='lat' dir='ltr'>legendum</span> <span class='ocrx_word' id='word_1_246' title='bbox 1122 2951 1213 2990; x_wconf 83' lang='lat' dir='ltr'>censet</span> <span class='ocrx_word' id='word_1_247' title='bbox 1228 2939 1338 3008; x_wconf 82' lang='lat' dir='ltr'>septimo</span> <span class='ocrx_word' id='word_1_248' title='bbox 1351 2947 1375 2988; x_wconf 89' lang='lat' dir='ltr'>et</span> 
     </span>
     <span class='ocr_line' id='line_1_28' title="bbox 328 3015 1374 3090; baseline 0.005 -25"><span class='ocrx_word' id='word_1_249' title='bbox 328 3017 355 3068; x_wconf 89' lang='lat' dir='ltr'>in</span> <span class='ocrx_word' id='word_1_250' title='bbox 367 3015 456 3085; x_wconf 88' lang='lat' dir='ltr'>libris,</span> <span class='ocrx_word' id='word_1_251' title='bbox 467 3037 529 3090; x_wconf 76' lang='lat' dir='ltr'>quos</span> <span class='ocrx_word' id='word_1_252' title='bbox 540 3021 575 3071; x_wconf 84' lang='lat' dir='ltr'>ad</span> <span class='ocrx_word' id='word_1_253' title='bbox 585 3022 624 3070; x_wconf 90' lang='lat' dir='ltr'>M.</span> <span class='ocrx_word' id='word_1_254' title='bbox 637 3021 784 3074; x_wconf 79' lang='lat' dir='ltr'>Ciceronem</span> <span class='ocrx_word' id='word_1_255' title='bbox 797 3023 828 3074; x_wconf 84' lang='lat' dir='ltr'>de</span> <span class='ocrx_word' id='word_1_256' title='bbox 874 3021 993 3072; x_wconf 81' lang='lat' dir='ltr'>vicesimo</span> <span class='ocrx_word' id='word_1_257' title='bbox 999 3019 1056 3086; x_wconf 85' lang='lat' dir='ltr'>die,</span> <span class='ocrx_word' id='word_1_258' title='bbox 1064 3037 1095 3070; x_wconf 87' lang='lat' dir='ltr'>er</span> <span class='ocrx_word' id='word_1_259' title='bbox 1102 3017 1225 3070; x_wconf 80' lang='lat' dir='ltr'>Strabon.</span> <span class='ocrx_word' id='word_1_260' title='bbox 1234 3017 1284 3082; x_wconf 86' lang='lat'>111,</span> <span class='ocrx_word' id='word_1_261' title='bbox 1292 3016 1309 3083; x_wconf 70' lang='grc'><em>4</em></span> <span class='ocrx_word' id='word_1_262' title='bbox 1317 3015 1374 3086; x_wconf 84' lang='lat' dir='ltr'>(ed.</span> 
     </span>
     <span class='ocr_line' id='line_1_29' title="bbox 328 3093 1376 3170; baseline 0.002 -26"><span class='ocrx_word' id='word_1_263' title='bbox 328 3093 459 3168; x_wconf 70' lang='lat' dir='ltr'>Auuloqia</span> <span class='ocrx_word' id='word_1_264' title='bbox 480 3098 640 3170; x_wconf 76' lang='lat' dir='ltr'>conscripsit,</span> <span class='ocrx_word' id='word_1_265' title='bbox 661 3113 710 3150; x_wconf 86' lang='lat' dir='ltr'>eto.</span> <span class='ocrx_word' id='word_1_266' title='bbox 723 3123 733 3147; x_wconf 83' lang='grc' dir='ltr'>ιι</span> <span class='ocrx_word' id='word_1_267' title='bbox 759 3102 828 3152; x_wconf 71' lang='lat' dir='ltr'>lmu-</span> <span class='ocrx_word' id='word_1_268' title='bbox 874 3097 994 3151; x_wconf 85' lang='lat' dir='ltr'>Siebenlt.</span> <span class='ocrx_word' id='word_1_269' title='bbox 1008 3111 1071 3149; x_wconf 92' lang='lat' dir='ltr'>tom.</span> <span class='ocrx_word' id='word_1_270' title='bbox 1080 3101 1106 3164; x_wconf 91' lang='lat'>1,</span> <span class='ocrx_word' id='word_1_271' title='bbox 1116 3117 1143 3169; x_wconf 93' lang='lat' dir='ltr'>p.</span> <span class='ocrx_word' id='word_1_272' title='bbox 1153 3095 1237 3166; x_wconf 60' lang='lat'>429),</span> <span class='ocrx_word' id='word_1_273' title='bbox 1248 3095 1376 3148; x_wconf 72' lang='lat' dir='ltr'>refutatus</span> 
     </span>
     <span class='ocr_line' id='line_1_30' title="bbox 328 3172 1226 3250; baseline 0.004 -26"><span class='ocrx_word' id='word_1_274' title='bbox 328 3172 511 3226; x_wconf 85' lang='lat' dir='ltr'>dauturiidem</span> <span class='ocrx_word' id='word_1_275' title='bbox 519 3175 579 3228; x_wconf 80' lang='lat' dir='ltr'>libri</span> <span class='ocrx_word' id='word_1_276' title='bbox 588 3179 695 3230; x_wconf 85' lang='lat' dir='ltr'>uCicer.</span> <span class='ocrx_word' id='word_1_277' title='bbox 704 3182 775 3231; x_wconf 84' lang='lat' dir='ltr'>Brut.</span> <span class='ocrx_word' id='word_1_278' title='bbox 784 3197 829 3250; x_wconf 75' lang='lat'>7²³</span> <span class='ocrx_word' id='word_1_279' title='bbox 875 3197 890 3230; x_wconf 90' lang='lat' dir='ltr'>a</span> <span class='ocrx_word' id='word_1_280' title='bbox 902 3181 1051 3247; x_wconf 75' lang='lat' dir='ltr'>Banmgart</span> <span class='ocrx_word' id='word_1_281' title='bbox 1066 3195 1145 3249; x_wconf 87' lang='lat' dir='ltr'>quem</span> <span class='ocrx_word' id='word_1_282' title='bbox 1156 3175 1226 3228; x_wconf 82' lang='lat' dir='ltr'>vide.</span> 
     </span>
    </p>

    <p class='ocr_par' dir='ltr' id='par_1_8' title="bbox 328 3251 1377 3567">
     <span class='ocr_line' id='line_1_31' title="bbox 329 3251 1376 3332; baseline 0.006 -32"><span class='ocrx_word' id='word_1_283' title='bbox 329 3251 441 3317; x_wconf 88' lang='lat' dir='ltr'>Quintil.</span> <span class='ocrx_word' id='word_1_284' title='bbox 460 3255 523 3306; x_wconf 84' lang='lat' dir='ltr'>lust.</span> <span class='ocrx_word' id='word_1_285' title='bbox 543 3257 569 3321; x_wconf 82' lang='lat' dir='ltr'>l,</span> <span class='ocrx_word' id='word_1_286' title='bbox 589 3271 618 3323; x_wconf 86' lang='lat'>7,</span> <span class='ocrx_word' id='word_1_287' title='bbox 638 3256 687 3322; x_wconf 73' lang='lat'>343</span> <span class='ocrx_word' id='word_1_288' title='bbox 708 3256 827 3311; x_wconf 88' lang='lat' dir='ltr'>Macrob.</span> <span class='ocrx_word' id='word_1_289' title='bbox 913 3275 953 3310; x_wconf 83' lang='lat' dir='ltr'>ta.</span> <span class='ocrx_word' id='word_1_290' title='bbox 972 3258 1015 3309; x_wconf 86' lang='lat' dir='ltr'>Ad</span> <span class='ocrx_word' id='word_1_291' title='bbox 1025 3257 1150 3332; x_wconf 69' lang='lat' dir='ltr'>papiam</span> <span class='ocrx_word' id='word_1_292' title='bbox 1163 3259 1180 3308; x_wconf 91' lang='lat' dir='ltr'>i.</span> <span class='ocrx_word' id='word_1_293' title='bbox 1191 3274 1216 3328; x_wconf 84' lang='lat' dir='ltr'>¹e.</span> <span class='ocrx_word' id='word_1_294' title='bbox 1233 3254 1376 3325; x_wconf 82' lang='lat' dir='ltr'>complica·</span> 
     </span>
     <span class='ocr_line' id='line_1_32' title="bbox 328 3333 1376 3407; baseline 0 -23"><span class='ocrx_word' id='word_1_295' title='bbox 328 3333 433 3384; x_wconf 84' lang='lat' dir='ltr'>Saturn.</span> <span class='ocrx_word' id='word_1_296' title='bbox 450 3333 477 3399; x_wconf 85' lang='lat'>1,</span> <span class='ocrx_word' id='word_1_297' title='bbox 493 3334 516 3388; x_wconf 84' lang='lat'>5.</span> <span class='ocrx_word' id='word_1_298' title='bbox 536 3335 672 3389; x_wconf 82' lang='lat' dir='ltr'>Exstitisse</span> <span class='ocrx_word' id='word_1_299' title='bbox 684 3356 729 3390; x_wconf 89' lang='lat' dir='ltr'>eos</span> <span class='ocrx_word' id='word_1_300' title='bbox 741 3338 829 3391; x_wconf 87' lang='lat' dir='ltr'>adbuc</span> <span class='ocrx_word' id='word_1_301' title='bbox 875 3349 932 3402; x_wconf 84' lang='lat' dir='ltr'>tas,</span> <span class='ocrx_word' id='word_1_302' title='bbox 947 3337 984 3388; x_wconf 87' lang='lat' dir='ltr'>ita</span> <span class='ocrx_word' id='word_1_303' title='bbox 998 3349 1028 3387; x_wconf 89' lang='lat' dir='ltr'>nt</span> <span class='ocrx_word' id='word_1_304' title='bbox 1042 3336 1133 3407; x_wconf 88' lang='lat' dir='ltr'>plures</span> <span class='ocrx_word' id='word_1_305' title='bbox 1147 3335 1243 3386; x_wconf 86' lang='lat' dir='ltr'>fierent</span> <span class='ocrx_word' id='word_1_306' title='bbox 1259 3336 1376 3405; x_wconf 75' lang='lat' dir='ltr'>pagine,</span> 
     </span>
     <span class='ocr_line' id='line_1_33' title="bbox 329 3409 1377 3490; baseline 0.001 -27"><span class='ocrx_word' id='word_1_307' title='bbox 329 3409 424 3463; x_wconf 73' lang='lat' dir='ltr'>saeculo</span> <span class='ocrx_word' id='word_1_308' title='bbox 432 3413 489 3481; x_wconf 84' lang='lat' dir='ltr'>XV,</span> <span class='ocrx_word' id='word_1_309' title='bbox 496 3413 635 3482; x_wconf 67' lang='lat' dir='ltr'>Mullum,</span> <span class='ocrx_word' id='word_1_310' title='bbox 643 3416 829 3490; x_wconf 81' lang='lat' dir='ltr'>Observ.p.6,</span> <span class='ocrx_word' id='word_1_311' title='bbox 877 3417 967 3489; x_wconf 87' lang='lat' dir='ltr'>quales</span> <span class='ocrx_word' id='word_1_312' title='bbox 983 3429 1046 3469; x_wconf 85' lang='lat' dir='ltr'>sunt</span> <span class='ocrx_word' id='word_1_313' title='bbox 1062 3415 1190 3468; x_wconf 82' lang='lat' dir='ltr'>librorum</span> <span class='ocrx_word' id='word_1_314' title='bbox 1202 3421 1377 3478; x_wconf 82' lang='lat' dir='ltr'>nostrorum,</span> 
     </span>
     <span class='ocr_line' id='line_1_34' title="bbox 329 3491 1377 3567; baseline -0.002 -23"><span class='ocrx_word' id='word_1_315' title='bbox 329 3492 426 3564; x_wconf 87' lang='lat' dir='ltr'>probat</span> <span class='ocrx_word' id='word_1_316' title='bbox 444 3513 476 3546; x_wconf 83' lang='lat' dir='ltr'>ex</span> <span class='ocrx_word' id='word_1_317' title='bbox 494 3496 580 3548; x_wconf 79' lang='lat' dir='ltr'>AEnete</span> <span class='ocrx_word' id='word_1_318' title='bbox 596 3497 674 3567; x_wconf 72' lang='lat' dir='ltr'>Sylvii</span> <span class='ocrx_word' id='word_1_319' title='bbox 692 3497 777 3563; x_wconf 84' lang='lat' dir='ltr'>libro,</span> <span class='ocrx_word' id='word_1_320' title='bbox 797 3498 830 3552; x_wconf 82' lang='lat' dir='ltr'>de</span> <span class='ocrx_word' id='word_1_321' title='bbox 876 3494 948 3548; x_wconf 88' lang='lat' dir='ltr'>unde</span> <span class='ocrx_word' id='word_1_322' title='bbox 966 3492 1081 3566; x_wconf 69' lang='lat' dir='ltr'>epistolar</span> <span class='ocrx_word' id='word_1_323' title='bbox 1100 3495 1178 3545; x_wconf 82' lang='lat' dir='ltr'>etiam</span> <span class='ocrx_word' id='word_1_324' title='bbox 1199 3491 1286 3544; x_wconf 81' lang='lat' dir='ltr'>libelli</span> <span class='ocrx_word' id='word_1_325' title='bbox 1303 3491 1377 3543; x_wconf 74' lang='lat' dir='ltr'>diota</span> 
     </span>
    </p>
   </div>
   <div class='ocr_carea' id='block_1_6' title="bbox 221 3569 1377 3648">
    <p class='ocr_par' dir='ltr' id='par_1_9' title="bbox 221 3569 1377 3648">
     <span class='ocr_line' id='line_1_35' title="bbox 221 3569 1377 3648; baseline -0.002 -24"><span class='ocrx_word' id='word_1_326' title='bbox 221 3593 222 3596; x_wconf 46' lang='lat'>¹</span> <span class='ocrx_word' id='word_1_327' title='bbox 329 3573 492 3627; x_wconf 84' lang='lat' dir='ltr'>Educatioue</span> <span class='ocrx_word' id='word_1_328' title='bbox 505 3574 661 3627; x_wconf 85' lang='lat' dir='ltr'>Liberorum</span> <span class='ocrx_word' id='word_1_329' title='bbox 675 3575 735 3648; x_wconf 83' lang='lat' dir='ltr'>(ep.</span> <span class='ocrx_word' id='word_1_330' title='bbox 751 3577 830 3647; x_wconf 72' lang='grc'><em>431),</em></span> <span class='ocrx_word' id='word_1_331' title='bbox 876 3587 938 3627; x_wconf 85' lang='lat' dir='ltr'>sunt</span> <span class='ocrx_word' id='word_1_332' title='bbox 956 3585 982 3624; x_wconf 87' lang='lat' dir='ltr'>et</span> <span class='ocrx_word' id='word_1_333' title='bbox 997 3569 1121 3626; x_wconf 84' lang='lat' dir='ltr'>codicilli.</span> <span class='ocrx_word' id='word_1_334' title='bbox 1135 3571 1213 3624; x_wconf 88' lang='lat' dir='ltr'>Tales</span> <span class='ocrx_word' id='word_1_335' title='bbox 1227 3582 1306 3622; x_wconf 85' lang='lat' dir='ltr'>antea</span> <span class='ocrx_word' id='word_1_336' title='bbox 1321 3571 1377 3622; x_wconf 74' lang='lat' dir='ltr'>fue</span> 
     </span>
    </p>
   </div>
   <div class='ocr_carea' id='block_1_7' title="bbox 330 3648 1377 4280">
    <p class='ocr_par' dir='ltr' id='par_1_10' title="bbox 330 3648 1377 3804">
     <span class='ocr_line' id='line_1_36' title="bbox 330 3648 1377 3724; baseline -0.004 -22"><span class='ocrx_word' id='word_1_337' title='bbox 330 3651 375 3702; x_wconf 91' lang='lat' dir='ltr'>ubi</span> <span class='ocrx_word' id='word_1_338' title='bbox 395 3653 472 3724; x_wconf 85' lang='lat' dir='ltr'>plura</span> <span class='ocrx_word' id='word_1_339' title='bbox 490 3651 553 3706; x_wconf 85' lang='lat' dir='ltr'>inde</span> <span class='ocrx_word' id='word_1_340' title='bbox 573 3654 632 3706; x_wconf 85' lang='lat' dir='ltr'>loca</span> <span class='ocrx_word' id='word_1_341' title='bbox 653 3656 782 3720; x_wconf 86' lang='lat' dir='ltr'>citantur,</span> <span class='ocrx_word' id='word_1_342' title='bbox 803 3658 829 3708; x_wconf 86' lang='lat' dir='ltr'>in</span> <span class='ocrx_word' id='word_1_343' title='bbox 875 3664 935 3704; x_wconf 88' lang='lat' dir='ltr'>rant</span> <span class='ocrx_word' id='word_1_344' title='bbox 958 3651 1016 3704; x_wconf 80' lang='lat' dir='ltr'>libri</span> <span class='ocrx_word' id='word_1_345' title='bbox 1038 3649 1204 3702; x_wconf 78' lang='lat' dir='ltr'>memoriales</span> <span class='ocrx_word' id='word_1_346' title='bbox 1225 3666 1272 3701; x_wconf 85' lang='lat' dir='ltr'>seu</span> <span class='ocrx_word' id='word_1_347' title='bbox 1296 3648 1377 3700; x_wconf 83' lang='lat' dir='ltr'>diaria</span> 
     </span>
     <span class='ocr_line' id='line_1_37' title="bbox 330 3727 1377 3804; baseline -0.001 -25"><span class='ocrx_word' id='word_1_348' title='bbox 330 3731 434 3801; x_wconf 83' lang='lat' dir='ltr'>scriptis</span> <span class='ocrx_word' id='word_1_349' title='bbox 448 3735 563 3804; x_wconf 85' lang='lat' dir='ltr'>antiquis</span> <span class='ocrx_word' id='word_1_350' title='bbox 577 3751 631 3784; x_wconf 92' lang='lat' dir='ltr'>non</span> <span class='ocrx_word' id='word_1_351' title='bbox 646 3733 730 3786; x_wconf 84' lang='lat' dir='ltr'>obvia.</span> <span class='ocrx_word' id='word_1_352' title='bbox 875 3729 975 3803; x_wconf 81' lang='lat' dir='ltr'>(Gall,</span> <span class='ocrx_word' id='word_1_353' title='bbox 983 3729 1122 3804; x_wconf 68' lang='lat' dir='ltr'>Journal),</span> <span class='ocrx_word' id='word_1_354' title='bbox 1137 3731 1240 3801; x_wconf 83' lang='lat' dir='ltr'>privato</span> <span class='ocrx_word' id='word_1_355' title='bbox 1258 3730 1316 3780; x_wconf 82' lang='lat' dir='ltr'>usui</span> <span class='ocrx_word' id='word_1_356' title='bbox 1331 3727 1377 3779; x_wconf 88' lang='lat' dir='ltr'>de-</span> 
     </span>
    </p>

    <p class='ocr_par' dir='ltr' id='par_1_11' title="bbox 331 3807 1376 4280">
     <span class='ocr_line' id='line_1_38' title="bbox 365 3807 1376 3885; baseline -0.006 -23"><span class='ocrx_word' id='word_1_357' title='bbox 365 3825 390 3876; x_wconf 86' lang='lat'>9.</span> <span class='ocrx_word' id='word_1_358' title='bbox 415 3811 598 3872; x_wconf 81' lang='lat' dir='ltr'>Anticatones,·</span> <span class='ocrx_word' id='word_1_359' title='bbox 618 3830 686 3884; x_wconf 84' lang='lat' dir='ltr'>quos</span> <span class='ocrx_word' id='word_1_360' title='bbox 704 3815 830 3885; x_wconf 86' lang='lat' dir='ltr'>opposuit</span> <span class='ocrx_word' id='word_1_361' title='bbox 876 3814 980 3864; x_wconf 82' lang='lat' dir='ltr'>atinate.</span> <span class='ocrx_word' id='word_1_362' title='bbox 1000 3809 1127 3884; x_wconf 70' lang='lat' dir='ltr'>Epistola</span> <span class='ocrx_word' id='word_1_363' title='bbox 1144 3807 1257 3880; x_wconf 76' lang='lat' dir='ltr'>publicae</span> <span class='ocrx_word' id='word_1_364' title='bbox 1276 3807 1376 3877; x_wconf 77' lang='lat' dir='ltr'>scripte</span> 
     </span>
     <span class='ocr_line' id='line_1_39' title="bbox 331 3883 1375 3962; baseline -0.003 -24"><span class='ocrx_word' id='word_1_365' title='bbox 331 3887 464 3956; x_wconf 74' lang='lat' dir='ltr'>(boet-oni,</span> <span class='ocrx_word' id='word_1_366' title='bbox 476 3896 522 3962; x_wconf 89' lang='lat' dir='ltr'>qui</span> <span class='ocrx_word' id='word_1_367' title='bbox 532 3891 638 3946; x_wconf 81' lang='lat' dir='ltr'>leudem</span> <span class='ocrx_word' id='word_1_368' title='bbox 648 3893 757 3946; x_wconf 89' lang='lat' dir='ltr'>Catonis</span> <span class='ocrx_word' id='word_1_369' title='bbox 768 3911 830 3944; x_wconf 90' lang='lat' dir='ltr'>oon·</span> <span class='ocrx_word' id='word_1_370' title='bbox 875 3894 982 3944; x_wconf 84' lang='lat' dir='ltr'>fuerant</span> <span class='ocrx_word' id='word_1_371' title='bbox 992 3901 1132 3944; x_wconf 79' lang='lat' dir='ltr'>transversa</span> <span class='ocrx_word' id='word_1_372' title='bbox 1141 3887 1231 3940; x_wconf 76' lang='lat' dir='ltr'>charta</span> <span class='ocrx_word' id='word_1_373' title='bbox 1237 3927 1246 3953; x_wconf 92' lang='lat'>,</span> <span class='ocrx_word' id='word_1_374' title='bbox 1257 3883 1330 3957; x_wconf 90' lang='lat' dir='ltr'>qnod</span> <span class='ocrx_word' id='word_1_375' title='bbox 1339 3903 1375 3935; x_wconf 88' lang='lat' dir='ltr'>re·</span> 
     </span>
     <span class='ocr_line' id='line_1_40' title="bbox 332 3963 1374 4038; baseline -0.003 -22"><span class='ocrx_word' id='word_1_376' title='bbox 332 3967 479 4036; x_wconf 79' lang='lat' dir='ltr'>scripserat.</span> <span class='ocrx_word' id='word_1_377' title='bbox 494 3971 547 4022; x_wconf 89' lang='lat' dir='ltr'>Cic.</span> <span class='ocrx_word' id='word_1_378' title='bbox 561 3969 597 4022; x_wconf 90' lang='lat' dir='ltr'>ad</span> <span class='ocrx_word' id='word_1_379' title='bbox 610 3972 688 4024; x_wconf 85' lang='lat' dir='ltr'>Attio.</span> <span class='ocrx_word' id='word_1_380' title='bbox 702 3973 764 4038; x_wconf 77' lang='grc' dir='ltr'>ΧΠ,</span> <span class='ocrx_word' id='word_1_381' title='bbox 778 3971 829 4038; x_wconf 63' lang='grc' dir='ltr'>4ος</span> <span class='ocrx_word' id='word_1_382' title='bbox 876 3984 918 4023; x_wconf 87' lang='lat' dir='ltr'>cte</span> <span class='ocrx_word' id='word_1_383' title='bbox 928 3971 1031 4035; x_wconf 64' lang='lat' dir='ltr'>Goion,</span> <span class='ocrx_word' id='word_1_384' title='bbox 1043 3990 1054 4013; x_wconf 80' lang='grc' dir='ltr'>ιι</span> <span class='ocrx_word' id='word_1_385' title='bbox 1064 3966 1100 4018; x_wconf 93' lang='lat' dir='ltr'>du</span> <span class='ocrx_word' id='word_1_386' title='bbox 1110 3966 1175 4018; x_wconf 86' lang='lat' dir='ltr'>baut</span> <span class='ocrx_word' id='word_1_387' title='bbox 1185 3985 1218 4018; x_wconf 85' lang='lat' dir='ltr'>en</span> <span class='ocrx_word' id='word_1_388' title='bbox 1228 3964 1277 4016; x_wconf 77' lang='lat' dir='ltr'>bas</span> <span class='ocrx_word' id='word_1_389' title='bbox 1286 3963 1322 4015; x_wconf 92' lang='lat' dir='ltr'>du</span> <span class='ocrx_word' id='word_1_390' title='bbox 1332 3980 1374 4034; x_wconf 86' lang='lat' dir='ltr'>pa·</span> 
     </span>
     <span class='ocr_line' id='line_1_41' title="bbox 335 4043 1374 4123; baseline 0.008 -29"><span class='ocrx_word' id='word_1_391' title='bbox 335 4043 442 4114; x_wconf 75' lang='lat' dir='ltr'>«quatis</span> <span class='ocrx_word' id='word_1_392' title='bbox 456 4047 543 4100; x_wconf 85' lang='lat' dir='ltr'>futura</span> <span class='ocrx_word' id='word_1_393' title='bbox 560 4051 593 4101; x_wconf 90' lang='lat' dir='ltr'>sit</span> <span class='ocrx_word' id='word_1_394' title='bbox 607 4049 713 4103; x_wconf 72' lang='lat' dir='ltr'>Curatis</span> <span class='ocrx_word' id='word_1_395' title='bbox 726 4052 831 4122; x_wconf 85' lang='lat' dir='ltr'>vitupe·</span> <span class='ocrx_word' id='word_1_396' title='bbox 876 4052 971 4123; x_wconf 77' lang='lat' dir='ltr'>piew·</span> <span class='ocrx_word' id='word_1_397' title='bbox 988 4050 1104 4112; x_wconf 64' lang='lat' dir='ltr'>ltu-nest,</span> <span class='ocrx_word' id='word_1_398' title='bbox 1119 4047 1146 4098; x_wconf 84' lang='lat' dir='ltr'>ia</span> <span class='ocrx_word' id='word_1_399' title='bbox 1153 4046 1245 4117; x_wconf 81' lang='lat' dir='ltr'>forma</span> <span class='ocrx_word' id='word_1_400' title='bbox 1255 4052 1374 4116; x_wconf 59' lang='lat' dir='ltr'>patentes</span> 
     </span>
     <span class='ocr_line' id='line_1_42' title="bbox 334 4121 1373 4197; baseline -0.003 -24"><span class='ocrx_word' id='word_1_401' title='bbox 334 4123 400 4175; x_wconf 86' lang='lat' dir='ltr'>ratio</span> <span class='ocrx_word' id='word_1_402' title='bbox 419 4138 511 4177; x_wconf 80' lang='lat' dir='ltr'>eontra</span> <span class='ocrx_word' id='word_1_403' title='bbox 529 4127 708 4184; x_wconf 85' lang='lat' dir='ltr'>laudationem</span> <span class='ocrx_word' id='word_1_404' title='bbox 726 4149 829 4195; x_wconf 85' lang='lat' dir='ltr'>meam,</span> <span class='ocrx_word' id='word_1_405' title='bbox 878 4133 894 4180; x_wconf 90' lang='lat' dir='ltr'>i.</span> <span class='ocrx_word' id='word_1_406' title='bbox 911 4148 933 4180; x_wconf 84' lang='lat' dir='ltr'>e.</span> <span class='ocrx_word' id='word_1_407' title='bbox 951 4140 979 4178; x_wconf 91' lang='lat' dir='ltr'>ut</span> <span class='ocrx_word' id='word_1_408' title='bbox 990 4143 1080 4178; x_wconf 86' lang='lat' dir='ltr'>versus</span> <span class='ocrx_word' id='word_1_409' title='bbox 1093 4141 1289 4197; x_wconf 84' lang='lat' dir='ltr'>superomnem</span> <span class='ocrx_word' id='word_1_410' title='bbox 1301 4121 1373 4173; x_wconf 86' lang='lat' dir='ltr'>obar-</span> 
     </span>
     <span class='ocr_line' id='line_1_43' title="bbox 333 4203 1373 4280; baseline -0.006 -27"><span class='ocrx_word' id='word_1_411' title='bbox 333 4203 452 4272; x_wconf 84' lang='lat' dir='ltr'>porspoxi</span> <span class='ocrx_word' id='word_1_412' title='bbox 465 4220 496 4253; x_wconf 85' lang='lat' dir='ltr'>ex</span> <span class='ocrx_word' id='word_1_413' title='bbox 508 4223 539 4256; x_wconf 89' lang='lat' dir='ltr'>eo</span> <span class='ocrx_word' id='word_1_414' title='bbox 551 4205 631 4272; x_wconf 82' lang='lat' dir='ltr'>libro,</span> <span class='ocrx_word' id='word_1_415' title='bbox 645 4227 722 4279; x_wconf 79' lang='lat' dir='ltr'>quern</span> <span class='ocrx_word' id='word_1_416' title='bbox 734 4213 833 4263; x_wconf 78' lang='lat' dir='ltr'>Hirtius</span> <span class='ocrx_word' id='word_1_417' title='bbox 880 4220 932 4258; x_wconf 82' lang='lat' dir='ltr'>tam</span> <span class='ocrx_word' id='word_1_418' title='bbox 952 4209 1098 4256; x_wconf 79' lang='lat' dir='ltr'>transverse</span> <span class='ocrx_word' id='word_1_419' title='bbox 1116 4203 1373 4280; x_wconf 40' lang='lat' dir='ltr'>bugamum-eaque</span> 
     </span>
    </p>
   </div>
   <div class='ocr_carea' id='block_1_8' title="bbox 0 0 1540 5124">
    <p class='ocr_par' dir='ltr' id='par_1_12' title="bbox 0 0 1540 5124">
     <span class='ocr_line' id='line_1_44' title="bbox 0 0 1540 5124; baseline 0 0"><span class='ocrx_word' id='word_1_420' title='bbox 0 0 1540 5124; x_wconf 95' lang='lat' dir='ltr'> </span> 
     </span>
    </p>
   </div>
  </div>
 </body>
</html>
