3026 5122
395 493 456 564 ria
788 481 1039 551 EXCURSUS

389 616 480 677 cunt,
495 621 590 684 quam
610 601 759 684 pleraque
774 600 812 659 de
833 600 959 674 eodem,
979 598 1152 662 multorum
1171 596 1323 658 librorum
1343 596 1417 658 faeiie

388 699 529 762 materies
542 713 573 759 et
586 710 821 779 argumentum,
835 697 920 758 intra
934 697 1064 780 paginas
1077 694 1165 757 haud
1177 695 1290 756 multas
1303 717 1321 755 a
1332 695 1419 756 Sueto·

388 799 442 858 nio
456 809 620 877 congesta:
635 795 684 856 cui
699 793 826 855 demum
840 795 866 854 si
879 795 977 856 nimia
990 814 1048 877 pro
1062 794 1189 854 Caesaris
1205 791 1292 853 fama
1305 791 1419 853 brevitas

388 917 443 956 sua
454 891 663 956 condonanda
675 892 730 966 sit,
746 894 861 978 quippe
874 913 945 974 quae
958 892 1145 952 destinatum
1159 891 1262 973 operis
1273 889 1363 950 finem
1376 889 1418 950 sd·

388 992 546 1075 impleret,
563 988 632 1070 jure
650 978 757 1050 saitem
775 988 955 1071 objiciatui',
968 987 1055 1072 quod
1068 1011 1108 1050 ne
1120 982 1299 1072 gneissima
1311 987 1417 1070 quiden

389 1113 408 1151 a
428 1111 459 1150 se
476 1089 614 1172 exposita
630 1109 698 1150 uno
712 1087 811 1150 verbo
828 1087 1016 1172 perpendat,
1032 1109 1133 1172 neque
1150 1089 1278 1171 legentis
1296 1091 1418 1149 animum

390 1186 614 1270 aliquantisper
629 1185 766 1247 detineat
782 1187 818 1246 in
836 1186 891 1264 iis,
910 1207 982 1270 quae
999 1187 1133 1248 maxime
1153 1187 1247 1247 nobis
1266 1184 1418 1268 reputanda

390 1285 505 1369 passim
517 1285 552 1344 in
564 1283 696 1346 hhtoria
708 1303 775 1367 pne
786 1285 895 1346 oetesis
909 1285 1057 1346 eminent.
1075 1284 1227 1369 Exemplo
1240 1285 1281 1344 sit
1296 1283 1418 1344 &mosis-

389 1384 503 1444 simum
518 1382 553 1442 in
566 1393 632 1442 tota
645 1379 817 1464 Republica
829 1379 972 1458 nmium,
983 1382 1057 1442 Divi
1068 1379 1145 1442 Juiii
1161 1381 1275 1457 aedes,
1289 1403 1355 1462 qun
1364 1382 1417 1440 viro

390 1477 473 1564 apud
484 1477 677 1542 nosdotibus
687 1479 804 1560 ingenii
814 1477 909 1559 longe
919 1478 1172 1560 prestantissima
1179 1479 1419 1559 (Voanmius-

388 1579 498 1660 goediae
512 1577 672 1638 materiem
686 1595 848 1658 suggerere
861 1577 972 1659 potuit.
990 1577 1038 1638 De
1055 1589 1144 1638 tauto
1161 1577 1247 1640 facto
1265 1577 1311 1638 nii
1329 1591 1419 1660 preter

388 1675 449 1740 hoo
464 1676 627 1738 Suetonius
640 1675 726 1756 (cap.
742 1675 873 1754 sxxv1):
891 1675 1112 1755 aPuagravaut
1126 1689 1232 1736 umen
1246 1688 1343 1736 cetera
1355 1672 1419 1734 iacta

388 1777 533 1857 dietaque
546 1773 628 1855 ejus,
642 1786 678 1834 ut
689 1783 720 1836 et
732 1773 846 1836 abusus
859 1773 1090 1851 dominatione,
1103 1786 1134 1835 st
1146 1773 1216 1856 jure
1230 1793 1328 1836 coesus
1337 1773 1418 1834 eristi

388 1887 524 1934 metunn
541 1871 609 1931 Hoc
623 1883 668 1931 est
682 1870 831 1932 seribere?
847 1867 1120 1934 hoeestedocerei
1133 1871 1301 1950 Quodnisi
1313 1889 1419 1954 prosu

389 1971 512 2034 dicendi
531 1971 653 2031 ratione
670 1970 805 2032 subitam
823 1969 909 2032 iliam
923 1969 1145 2032 dominationis
1159 1970 1297 2052 ingentia
1309 1969 1418 2030 evasio·

389 2089 463 2132 nem
479 2068 570 2149 longe
584 2069 725 2150 persequi
739 2066 831 2128 vellet
842 2068 1023 2143 Suetonius,
1037 2087 1078 2128 an
1089 2065 1159 2148 jure
1169 2067 1310 2149 quodam
1320 2066 1364 2128 vel
1376 2081 1419 2126 ne·

389 2169 518 2230 cessaria
535 2165 689 2249 negligere
705 2169 824 2249 potuit,
842 2187 942 2248 neque
956 2167 1139 2229 sententiam
1152 2165 1190 2226 de
1204 2163 1419 2247 conjuratione,

389 2267 452 2330 sive
468 2287 574 2342 suam,
595 2267 659 2328 eive
678 2266 854 2350 publicam,
875 2267 1056 2349 diligentius
1074 2265 1232 2349 proferre?
1251 2262 1419 2330 Laudandus

390 2370 504 2429 iterum
520 2368 764 2442 Monrneourru,
779 2369 834 2450 qui
850 2385 949 2448 quum
965 2368 999 2428 in
1015 2365 1120 2428 libello
1131 2387 1205 2440 suo,
1222 2366 1273 2428 des
1288 2361 1419 2427 camede

390 2465 421 2526 ia
434 2463 590 2526 Gmndsur
601 2477 630 2526 et
641 2464 677 2524 de
692 2462 720 2523 ta
734 2463 903 2525 Demeae
917 2463 966 2525 des
978 2467 1136 2540 Romaim,
1150 2485 1219 2524 non
1231 2463 1326 2526 modo
1339 2464 1419 2523 Gest-

391 2563 432 2624 ris
446 2563 543 2622 vitam
556 2560 610 2622 sed
622 2574 722 2622 totam
736 2581 801 2620 rem
815 2563 990 2622 Romanam
1005 2562 1186 2624 summatim
1199 2557 1419 2644 eomprdrende·

390 2662 447 2738 rit,
465 2659 520 2720 uhi
534 2679 656 2722 moram
671 2660 794 2740 gravius
809 2658 885 2742 quid
900 2659 1033 2740 flagitat,
1051 2680 1117 2721 non
1129 2659 1211 2720 ultra
1225 2657 1419 2741 progreditur,

390 2758 467 2838 quin
482 2756 604 2817 nodum
617 2755 752 2817 solverit.
771 2757 875 2838 [psam
888 2771 992 2818 autem
1007 2759 1134 2818 Caesaris
1151 2777 1260 2818 necem
1279 2757 1320 2818 ita
1336 2753 1418 2816 eonsi-

391 2853 477 2914 derat
489 2853 536 2932 (d.
549 2853 572 2914 l.
584 2855 690 2932 e.11):
704 2853 757 2914 sil
769 2853 843 2914 e‘tait
858 2853 932 2914 bien
946 2851 1072 2914 difficile
1084 2875 1144 2933 que
1158 2855 1251 2915 Gesar
1264 2857 1322 2935 put
1333 2850 1420 2912 defers

390 2951 446 3011 dre
459 2971 493 3010 aa
505 2952 575 3010 vie:
592 2949 623 3012 la
641 2950 770 3033 plupsrt
784 2951 836 3011 des
854 2949 996 3032 conjures
1014 2949 1130 3014 etaient
1146 2950 1186 3012 de
1202 2972 1261 3014 son
1281 2951 1372 3035 perti,
1386 2967 1420 3008 ou

391 3050 514 3108 avaient
531 3044 577 3108 e'te'
596 3069 653 3129 par
670 3048 714 3108 lui
729 3045 867 3110 comble's
884 3048 923 3109 de
940 3047 1098 3124 bienfeits3
1120 3063 1150 3110 et
1166 3050 1197 3110 la
1216 3053 1320 3114 raison
1336 3069 1371 3110 en
1385 3058 1420 3108 est

390 3147 464 3208 bien
484 3144 646 3207 natmeiie·
666 3144 705 3206 lle
724 3147 848 3208 avaient
869 3145 979 3210 trouve'
997 3147 1035 3208 de
1055 3147 1170 3229 grands
1184 3163 1346 3230 avantages
1358 3145 1420 3206 dant

391 3265 424 3306 sa
437 3244 582 3319 victoire3
596 3243 674 3304 mais
685 3243 755 3327 pius
766 3244 833 3306 leur
843 3245 970 3306 fortune
982 3245 1123 3306 devenait
1136 3245 1309 3322 meilleure,
1320 3243 1383 3328 plus
1391 3239 1420 3300 iis

391 3343 632 3418 commeneaient
650 3344 669 3402 ὲ
687 3343 776 3403 avoir
793 3357 862 3425 part
880 3365 920 3404 au
934 3341 1076 3404 malheur
1089 3365 1238 3404 commun
1255 3368 1262 3404 z
1282 3365 1346 3418 ear,
1358 3346 1373 3402 i
1385 3357 1421 3398 uu

391 3439 519 3500 homme
530 3440 584 3520 qui
602 3439 649 3500 n'a
664 3441 748 3515 rien,
763 3439 784 3500 il
800 3442 933 3524 importe
947 3461 1027 3502 assez
1045 3463 1121 3524 peu,
1139 3444 1303 3508 eoertaina
1313 3437 1421 3522 egendo,

391 3559 431 3598 en
445 3536 516 3618 quel
529 3548 772 3624 gouvernement
790 3536 813 3598 il
827 3539 905 3598 rive.
928 3539 974 3598 De
989 3537 1075 3620 plus,
1095 3539 1154 3622 ily
1168 3541 1250 3600 avait
1263 3561 1308 3602 un
1322 3536 1420 3598 certain

391 3635 476 3697 droit
484 3633 536 3694 des
545 3653 634 3714 gens,
645 3653 707 3692 une
719 3635 852 3715 opinion
864 3631 976 3696 e'tablie
987 3635 1064 3696 dans
1076 3649 1176 3696 toutes
1187 3636 1231 3698 ies
1242 3621 1421 3719 repubiiqoes

391 3731 429 3804 de
440 3729 537 3794 Grice
548 3743 577 3790 et
587 3728 722 3806 d'ltalie,
733 3731 788 3810 qui
797 3730 886 3792 fesait
895 3731 1038 3813 regarder
1047 3753 1167 3794 comme
1178 3753 1223 3794 un
1235 3731 1421 3794 hommever·

391 3841 484 3888 tueux
501 3827 650 3888 l’essasain
662 3827 700 3888 de
716 3827 794 3888 celui
812 3830 866 3909 qui
885 3831 968 3889 avait
985 3827 1098 3912 usurpd
1116 3831 1147 3892 ia
1160 3833 1338 3892 souveraine
1351 3828 1421 3911 puis·

393 3941 491 3986 tanoe.
506 3925 658 4000 ARome,
670 3937 792 3987 surtout
801 3924 907 4007 depuis
917 3925 1160 4008 l’expulsion'des
1171 3930 1250 4004 rois,
1265 3929 1294 3989 la
1308 3929 1350 3989 ioi
1361 3923 1421 3985 e'teit

393 4017 525 4099 precise,
534 4019 841 4103 lesexemplesrequs:
853 4020 883 4082 la
892 4024 1074 4106 republique
1083 4027 1195 4086 afmait
1203 4025 1232 4086 le
1240 4019 1420 4086 brasdecha-

394 4137 455 4196 qne
467 4118 605 4199 citoyen,
620 4119 649 4180 le
663 4119 752 4181 fesait
764 4121 927 4200 magistrat
941 4144 1022 4204 pour
1036 4122 1064 4184 le
1078 4139 1235 4202 montem,
1250 4139 1280 4186 et
1291 4119 1420 4184 l'avouait

395 4233 474 4296 pour
489 4233 521 4273 ss
537 4215 667 4278 de'iense.
684 4218 796 4280 Brutus
809 4239 862 4282 ose
873 4218 944 4280 bien
959 4213 1025 4284 dire
1041 4225 1058 4303 ξ
1073 4243 1118 4284 ses
1132 4223 1226 4296 amis,
1239 4243 1316 4304 qtae,
1328 4211 1420 4301 quand
