3026 5122
324 542 386 604 AD
409 541 563 606 VleM
586 542 622 604 G.
648 543 678 606 J.
704 544 919 611 uAEsnnls.
1079 548 1141 614 153

84 703 87 708 .
144 654 263 716 'l'alibus
273 653 471 736 auditis,jam
480 654 634 739 quidquid
644 656 682 717 de
690 659 799 739 priscis
810 655 942 719 heroum
952 662 1144 742 temporibus
1253 659 1254 666 '

110 752 214 814 fabule
228 751 414 834 praedicant,
430 753 626 812 verisimilius
641 752 780 827 videtum
798 767 828 815 et
846 755 1015 835 nobismet,
1032 761 1143 820 sicum

109 848 252 910 veteribus
267 849 302 907 in
317 851 583 931 comparationem
599 849 748 913 fuerimus
760 851 901 931 adducti,
916 851 1000 915 haud
1017 854 1144 918 infcrio-

108 947 187 1007 ribus
201 946 413 1029 quorumlibet
428 949 548 1008 aemulis
564 950 686 1011 animus
705 952 832 1010 interior
848 950 979 1012 clamat:
996 955 1039 1014 Et
1044 953 1146 1038 facere

109 1057 134 1104 et
143 1046 303 1128 patifhrtia
316 1042 464 1105 Gallicum
477 1048 535 1106 est!
548 1045 639 1124 Quod
657 1048 681 1106 si
699 1061 810 1128 praeter
820 1047 1010 1110 voluntatem
1027 1053 1061 1112 in
1078 1051 1145 1111 lau-

109 1141 211 1202 dandis
227 1143 283 1217 iis,
298 1163 368 1224 quae
384 1163 430 1203 res
444 1141 623 1204 domesticas
637 1157 758 1206 nostras
773 1148 899 1228 proprie
915 1148 1087 1225 celebrant,
1104 1147 1147 1208 fa-

110 1239 229 1301 stidium
244 1239 408 1301 nonnullis
422 1240 630 1320 attulerimus,
650 1241 683 1300 hi
697 1242 823 1303 demum
841 1246 1019 1327 paucissimi
1040 1261 1147 1322 erunt,

111 1359 183 1419 quos
199 1359 267 1398 non
282 1339 386 1398 minus
404 1337 596 1400 adversantes
615 1360 709 1420 qnam
729 1339 934 1424 suffragantes
953 1333 1149 1428 negligimus

110 1437 204 1499 Altera
212 1458 286 1520 pars
295 1448 340 1499 est
349 1436 531 1520 legentium,
542 1438 629 1500 nobis
638 1441 731 1500 unice
739 1439 943 1517 consulenda,
954 1463 991 1504 ea
999 1465 1126 1527 nempe,

246 1547 334 1616 Quen
343 1546 445 1618 patrios
454 1565 580 1601 renovare
586 1550 662 1618 jurat
672 1548 722 1602 sub
732 1548 813 1602 corde
821 1548 941 1618 labores,

246 1636 336 1703 Quam
345 1653 394 1688 nec
404 1634 466 1688 flere
475 1635 573 1708 pudet,
584 1655 666 1710 quum
678 1651 719 1691 tot
730 1637 892 1692 lacrimanda
904 1653 1055 1712 supersunt.

111 1735 179 1794 Haec
187 1735 313 1794 reniam
321 1733 412 1796 facile
420 1734 523 1811 dabit,
535 1736 633 1796 immo
645 1734 726 1798 forte
737 1751 860 1819 gratum
872 1739 965 1820 egisse
976 1758 1034 1798 nos
1045 1735 1151 1797 fatebi-

111 1845 166 1890 tnr.
178 1831 250 1908 Qua
263 1831 461 1913 persuasione
473 1831 572 1892 libens
583 1832 673 1915 plura
685 1833 900 1911 contulissem,
917 1834 1077 1895 indomitae
1093 1855 1151 1894 no·

112 1939 241 1988 strorum
253 1929 376 1988 virtutis
388 1947 474 2008 eque
488 1943 604 1990 sacrata
615 1943 839 1991 monumenta:
854 1931 906 1992 scd
918 1931 1003 2012 quod
1015 1931 1097 1991 ultra
1111 1933 1152 1990 ci·

110 2025 194 2086 sibus
208 2049 227 2088 a
241 2031 308 2087 cire
318 2027 472 2088 tributum
483 2026 566 2087 Galli
582 2031 768 2112 acciperent,
787 2029 848 2091 hoc
863 2033 897 2090 in
911 2031 1037 2092 Ctessris
1050 2044 1080 2091 et
1092 2029 1153 2089 Ro-

112 2143 277 2186 manornm
289 2125 438 2186 invidiam
451 2137 666 2209 comparatum
679 2127 865 2210 quibusdam
877 2129 974 2188 videri
986 2129 1099 2212 possit;
1113 2148 1154 2187 ne

111 2223 176 2302 quis
185 2234 291 2284 autem
302 2221 380 2283 illud
390 2225 517 2306 cogitet,
526 2226 645 2286 omissis
655 2227 784 2302 nostris,
794 2227 903 2288 iterum
913 2227 951 2288 de
960 2227 1077 2287 Caesare
1086 2226 1154 2306 ipso

111 2316 289 2401 loquemur,
308 2319 433 2400 qualem
450 2320 593 2382 videlicet
609 2343 680 2382 eum
699 2321 838 2405 depinxit
855 2325 971 2405 sagacis
993 2323 1090 2382 animi
1107 2321 1155 2380 vir

111 2415 216 2496 (labbe
228 2417 395 2496 Annaeo),
412 2419 569 2500 scriptoris
581 2417 748 2479 artificium
759 2432 789 2480 et
800 2419 1033 2502 intelligentiam
1042 2418 1156 2501 judicis

112 2513 433 2598 interdisqnirendum
444 2517 510 2597 pari
521 2515 617 2576 modo
627 2517 813 2598 complexus.
823 2518 851 2577 ls
859 2539 893 2578 ea
900 2515 1034 2600 profert,
1044 2528 1118 2576 torn.
1127 2516 1156 2589 l,

112 2633 177 2693 quae
190 2633 250 2694 pro
264 2611 462 2673 conclusione
475 2611 602 2673 demum
615 2613 839 2674 exscribantur:

148 2781 210 2832 «Uo
226 2779 275 2831 des
294 2781 441 2832 caracteres
458 2777 626 2852 particuliers
641 2777 688 2832 des
703 2777 824 2832 hommes
842 2778 1078 2846 extraordinoires,
1095 2776 1159 2829 c'est

115 2885 176 2938 qne,
186 2867 223 2920 s'il
238 2880 280 2920 est
291 2865 410 2938 possible
419 2867 453 2920 de
462 2867 520 2920 leur
529 2865 633 2918 donner
642 2864 689 2918 des
700 2865 810 2939 qualitas
821 2865 896 2940 qu’ils
905 2865 1004 2919 n'aient
1014 2884 1076 2937 pas,
1088 2863 1107 2917 il
1119 2877 1159 2916 est

113 2955 267 3029 impossible
281 2953 432 3027 d'exagdrer
443 2953 522 3009 celles
535 2935 610 3028 qu'ils
623 2969 679 3008 ont.
693 2954 755 3007 Plus
768 2954 832 3009 elles
843 2970 905 3008 sont
916 2957 1063 3009 examindes
1075 2967 1159 3006 atten-

112 3045 238 3098 tirement
249 3057 277 3098 et
289 3043 322 3096 de
334 3047 410 3118 prds,
422 3045 483 3118 plns
494 3044 559 3098 elles
571 3055 704 3116 prennent
715 3044 868 3114 d'dtendue,
881 3044 915 3099 de
926 3043 1060 3117 grandeur
1071 3041 1160 3097 etde·

113 3131 171 3187 clar.
186 3135 237 3188 Les
253 3131 316 3205 plus
333 3131 450 3187 celebres
466 3133 594 3184 ecrirains
606 3130 641 3184 de
657 3130 804 3185 l¹ancienne
821 3135 903 3185 Rome
917 3152 951 3186 ne
963 3134 1098 3206 croyaient
1111 3149 1160 3203 pas

115 3239 164 3292 qne
177 3221 360 3295 l'eloquence,
378 3220 492 3296 quelque
504 3220 617 3274 sublime
630 3221 725 3294 qu'elle
736 3223 796 3289 lut,
815 3227 864 3295 put
876 3226 970 3296 jamais
985 3222 1092 3276 s'elerer
1102 3227 1161 3294 jus·

114 3311 173 3384 qo'a
185 3313 212 3366 la
226 3313 342 3366 hauteur
352 3313 386 3366 de
399 3312 475 3366 l’ame
487 3327 513 3366 et
526 3313 573 3366 des
585 3316 687 3366 actions
698 3312 732 3366 de
746 3313 926 3377 dales-Cesar;
941 3313 1003 3366 c'est
1015 3312 1085 3365 donc
1098 3330 1161 3364 arec

114 3401 138 3454 le
150 3402 291 3476 desespoir
305 3402 339 3456 de
356 3403 480 3474 parrenir
497 3404 513 3454 'a
531 3401 624 3455 rendre
639 3421 687 3455 son
708 3404 821 3476 portrsit
839 3403 1012 3458 ressemblant
1027 3416 1053 3455 et
1068 3400 1162 3467 fidele,

115 3510 165 3565 qne
175 3491 372 3566 j’entreprends
383 3491 417 3546 de
429 3491 454 3544 le
465 3511 619 3566 crayonner.

151 3605 163 3628 ι
173 3583 224 3635 Cet
240 3581 348 3635 homme
365 3580 570 3636 extraordinaire
585 3583 677 3654 nequit
691 3581 759 3634 dans
776 3582 815 3636 les
831 3594 898 3637 tems
915 3582 952 3635 les
970 3579 1029 3654 plus
1046 3597 1163 3648 orageux

116 3668 149 3722 de
159 3670 186 3722 la
195 3670 372 3744 republique‚
382 3684 409 3724 et
419 3689 454 3725 ne
467 3670 542 3724 tarda
554 3689 603 3743 pas
615 3673 631 3724 ὲ
641 3685 762 3725 montrer
774 3671 897 3745 l’energie
909 3671 1003 3724 deson
1015 3670 1164 3733 caractere,

115 3773 141 3812 et
154 3761 170 3812 ’a
183 3759 281 3814 laisser
293 3762 426 3814 entrevoir
436 3757 568 3812 l'etendue
581 3759 613 3812 de
628 3777 670 3812 ses
681 3758 799 3814 desseins
812 3773 839 3814 et
851 3757 970 3831 l'orgueil
984 3757 1018 3809 de
1031 3773 1073 3809 scs
1087 3755 1165 3826 espe-

1 3893 3 3908 ,
117 3866 219 3901 rences.
232 3850 256 3900 A
265 3850 344 3920 peine
354 3850 403 3920 age
412 3847 446 3901 de
455 3848 572 3902 dix-huit
582 3867 646 3916 ans,
659 3848 679 3901 il
689 3867 735 3902 oso
746 3850 851 3902 resister
860 3850 875 3900 d
885 3848 910 3900 lo
919 3845 1028 3899 volente
1037 3842 1072 3895 de
1080 3841 1165 3916 sylla,

117 3937 208 4009 quand
220 3938 307 3991 Rome
316 3957 350 3992 ne
361 3940 490 4010 comptait
498 3937 532 3991 de
541 3939 660 4010 citoyens
671 3955 723 4008 qne
733 3956 798 3990 cenx
809 3939 823 3988 d
835 3937 880 4006 qui
889 3947 932 3988 cet
940 3933 1047 3986 homme
1057 3931 1090 3998 de
1100 3949 1166 4003 sang

116 4029 272 4097 permettait
283 4026 316 4080 de
327 4030 413 4092 vivre,
430 4040 456 4080 et
471 4026 616 4080 cherchant
631 4024 746 4079 dds-lora
762 4029 778 4078 d
794 4025 889 4078 londer
905 4043 935 4077 sa
949 4021 1095 4096 grandem,
1112 4040 1166 4075 non

117 4132 162 4167 sur
175 4134 221 4168 ces
236 4129 324 4168 vertus
338 4115 533 4188 republicaines
547 4127 573 4167 et
585 4132 667 4186 pnres
682 4113 748 4166 dont
762 4115 846 4168 Caton
861 4112 899 4165 lui
913 4113 1002 4166 offrait
1015 4130 1053 4164 un
1066 4112 1088 4163 si
1101 4109 1167 4163 hant

118 4205 257 4277 example,
275 4207 342 4260 mais
356 4224 401 4258 sur
414 4205 608 4259 l'abaissement
621 4203 655 4258 de
674 4222 715 4257 ses
734 4207 906 4276 concitoyens
921 4216 947 4255 et
962 4221 1007 4256 sur
1020 4201 1048 4254 la
1062 4198 1167 4254 desno-

119 4294 192 4347 ction
205 4295 240 4348 de
254 4293 381 4368 legalita,
400 4294 418 4346 il
431 4295 507 4348 s’unit
523 4292 699 4348 adroitement
713 4296 729 4346 d
743 4307 803 4348 tous
817 4293 855 4347 les
870 4295 999 4358 factienx,
1014 4290 1137 4355 dPison,
1152 4290 1166 4339 d
