3036 5128
340 555 382 621 56
712 559 747 620 C.
774 555 1006 622 SUETONll

337 703 447 774 neque
464 678 556 760 loeo,
576 702 686 773 neque
705 695 855 772 tempore
874 704 988 776 aequ0‚
1008 677 1066 748 sed
1083 680 1210 748 hiemet
1228 684 1332 762 anni,
1347 696 1380 748 et

337 795 424 858 intra
443 793 566 857 moenia
589 791 811 882 copiosissimi
832 816 871 860 ac
894 789 1115 860 sollertissimi
1135 791 1260 876 hostis,
1282 795 1379 884 inops

338 905 409 994 ipse
424 924 537 970 rerum
554 903 721 983 omnium,
742 919 842 998 atque
861 907 1057 996 imparatus.
1075 907 1228 994 Regnum
1247 905 1380 997 AEetpfi

338 1015 443 1079 victor
457 1009 659 1104 Cleopatrae⁸
673 1012 835 1108 fratrique
850 1011 922 1106 ejus
936 1016 1057 1082 minori
1070 1016 1240 1107 permisit,
1253 1017 1381 1080 veritus

336 1122 745 1215 provinciam⁹facere,ne
753 1122 956 1220 quandoque
963 1124 1194 1194 violentiorem
1201 1122 1381 1217 praesidem

286 1303 291 1310 ,
337 1249 451 1314 stacta,
472 1257 636 1300 novarum
650 1258 765 1301 rerum
783 1236 923 1301 materia
936 1250 1035 1302 esset.
1055 1233 1105 1302 Ab
1124 1232 1329 1302 Alexandria
1348 1236 1382 1300 in

337 1345 484 1436 Syriam,
505 1358 538 1410 et
551 1341 628 1409 inde
644 1348 789 1411 Pontum
805 1345 953 1425 transiit,
972 1343 1201 1435 urgentibus¹⁰
1218 1341 1261 1410 de
1278 1342 1381 1410 Phar·

336 1477 419 1521 nace
438 1457 588 1522 nunciis:
609 1478 730 1548 quem,
749 1452 952 1521 Mithridatis
971 1457 1085 1546 Magni
1101 1453 1225 1537 filium,
1245 1479 1285 1522 ac
1301 1469 1381 1520 nanc

336 1567 510 1634 occasione
526 1581 717 1659 temporum
735 1563 935 1647 bellantem,
951 1561 1090 1660 jamque
1108 1564 1288 1657 multiplici
1309 1587 1382 1631 suc-

373 1825 396 1878 7.
416 1808 510 1860 Hieme
521 1810 594 1860 anni.
610 1811 683 1861 Hanc
696 1810 836 1864 lectionem
883 1829 936 1862 rem
949 1811 1095 1878 Arsinoen,
1115 1812 1190 1879 eujus
1208 1808 1320 1859 nomme
1337 1805 1383 1858 dia

336 1903 407 1940 reete
423 1888 535 1941 Casaub.
553 1888 671 1942 defendit
687 1891 752 1944 loeis
768 1891 834 1944 Gell.
881 1907 1003 1960 regnasse
1028 1891 1188 1960 impotenter
1210 1883 1383 1958 Ganymeden

337 1969 377 2034 11,
390 1985 432 2032 at,
444 1970 510 2020 anisi
521 1979 607 2032 oestas,·
619 1970 702 2036 xva,
719 1989 764 2038 to,
775 1984 837 2026 oestu
882 1967 1036 2036 docuimus,
1048 1966 1179 2020 deducere
1191 1985 1223 2019 ex
1236 1983 1322 2036 regno
1335 1977 1384 2018 sta-

336 2047 415 2106 anai,
428 2046 502 2113 XIX,
513 2045 545 2112 5,
555 2057 641 2100 testate
649 2050 837 2125 anniflaqran-
882 2050 944 2112 tuit,
954 2067 988 2100 ue
996 2065 1048 2120 qua
1055 2065 1146 2099 rursus
1156 2063 1228 2097 nova
1238 2043 1384 2106 dissensio,

336 2125 442 2180 tissima.
452 2127 529 2179 Coni.
543 2127 665 2180 Oudend.
678 2129 712 2181 sd
724 2129 752 2180 h.
764 2130 782 2181 l.
794 2129 836 2180 Ad
881 2127 1034 2199 priusquam
1052 2125 1225 2178 diuturnitate
1241 2124 1385 2176 confirma·

337 2203 498 2275 exemplaab
506 2205 537 2258 iis
547 2206 626 2257 citata
637 2206 753 2274 accedit,
764 2206 836 2278 quod
882 2218 972 2256 rentur
985 2223 1075 2275 regum
1090 2205 1217 2274 imperia,
1235 2219 1285 2272 per
1298 2199 1385 2252 homi·

336 2281 457 2336 librarius
471 2286 601 2337 omisisset
615 2286 718 2338 facilius
730 2287 796 2338 aussi
807 2299 836 2337 ut
881 2301 929 2335 nes
947 2283 1088 2336 seditiosos
1102 2292 1263 2334 nasceretur.
1276 2302 1288 2326 ι
1305 2277 1383 2330 Cani.

336 2366 836 2436 supervacuum,quamexsuoingenio
881 2361 947 2422 Dio,
962 2360 1043 2423 xttt,
1059 2357 1101 2425 44.

337 2439 489 2494 addidisset.
504 2469 539 2480 -
554 2441 627 2494 [ntia
641 2444 837 2515 moeniacopio-
922 2455 947 2509 9·
978 2439 1079 2492 Veritus
1101 2436 1265 2510 provinciam
1285 2435 1383 2506 faeere.

335 2517 427 2573 tissimi
445 2539 476 2572 oe
493 2519 661 2573 sollertissimi
679 2521 764 2576 hostis.
779 2525 837 2574 Hir·
882 2517 954 2570 idem
968 2518 1082 2588 Augusti
1093 2518 1144 2569 tuit
1159 2513 1311 2568 consilium.
1323 2513 1385 2565 Tae.

335 2601 402 2664 tius,
412 2612 458 2652 aut
466 2599 585 2670 quisquis
593 2597 776 2653 libelliauetor
785 2615 838 2668 est,
882 2597 976 2650 Annal.
985 2599 1021 2664 11,
1032 2596 1080 2668 59:
1094 2619 1105 2644 ι
1115 2595 1249 2665 Augustus
1258 2595 1330 2646 inter
1337 2591 1386 2644 alia

337 2677 400 2730 Bell.
413 2677 554 2730 Alexandr.
568 2697 627 2750 cap.
639 2679 671 2747 3,
683 2678 716 2731 de
726 2677 838 2744 Alexan·
883 2675 1071 2729 dominationis
1086 2691 1198 2738 aroana,
1215 2673 1321 2738 vetitis,
1336 2672 1386 2724 nisi

337 2757 394 2810 dria
409 2770 435 2809 et
448 2756 645 2812 Alexandrinis:
664 2757 754 2812 «Urbs
769 2759 839 2815 ferti-
882 2753 1027 2826 permissu,
1036 2749 1332 2824 ingrediSenatoribus,
1342 2761 1388 2800 aut

338 2837 437 2889 lissima
450 2849 475 2887 et
485 2836 657 2908 copiosissima
669 2841 787 2890 omnium
798 2857 838 2890 re·
883 2831 1023 2903 Equitibut
1042 2833 1117 2883 Rom·
1132 2829 1291 2895 illustribus,
1305 2847 1387 2900 sepo·

339 2933 398 2966 rum
406 2927 547 2984 apparatus
556 2914 720 2984 suggerebat.
729 2919 782 2988 ipsi
791 2916 839 2969 ho·
885 2913 939 2963 suit
958 2913 1112 2984 AEssyplumt
1135 2929 1168 2961 ne
1188 2910 1258 2960 fame
1280 2919 1388 2980 urgeret

339 2995 438 3056 mines,
455 2993 656 3062 ingeniosissimi
676 3009 756 3066 atque
774 3015 839 3048 acu·
884 2989 1132 3060 ltaliam‚qu'1⁸qttl⁸
1149 3005 1208 3040 eam
1222 2988 1386 3058 provinciam

338 3073 445 3134 tissimi,
457 3089 513 3140 quse
526 3071 629 3126 anobis
640 3072 696 3126 fieri
705 3075 840 3140 viderant,
885 3067 1051 3138 claustraque
1063 3081 1137 3120 terra
1149 3085 1180 3118 ac
1193 3068 1287 3132 maris,
1299 3083 1387 3138 quam·

338 3169 369 3202 ea
389 3147 503 3200 sollertia
522 3149 684 3216 efficiebant,
707 3165 735 3203 ut
755 3155 840 3205 nostri
885 3144 1387 3219 vislevipraesidioadversamingentes

338 3228 441 3279 illorum
453 3245 534 3298 opera
546 3230 642 3282 imitari
652 3229 815 3283 viderentur.
825 3255 837 3278 ι
886 3229 1027 3292 exern'tus,
1040 3225 1186 3278 insedisset.
1198 3249 1209 3272 ι
1222 3223 1291 3276 Vide
1304 3225 1386 3286 infrtt,

375 3307 400 3358 8.
422 3303 563 3375 Cleopatra
575 3305 708 3381 fratrique
723 3314 776 3383 ejus
791 3311 840 3360 mi·
887 3309 953 3377 Aug.
975 3305 1019 3370 18,
1038 3317 1064 3356 et
1078 3305 1149 3376 lips.
1165 3301 1200 3354 ad
1218 3302 1305 3356 Tacit.
1320 3305 1385 3355 ffist.

340 3385 406 3440 ιιονί.
417 3381 571 3436 Ptolomeus
581 3404 627 3438 rex
636 3390 752 3457 perierat
761 3393 788 3439 in
798 3389 840 3438 fu·
886 3387 913 3451 1,
931 3402 971 3437 rr.

337 3483 385 3536 ga,
405 3462 542 3515 submerso
562 3468 674 3537 navigio.
694 3469 758 3518 Hirt.
775 3463 839 3520 Bell.
860 3523 864 3534 ¹
926 3461 1388 3536 10.Ur'qeatibttsdePltornaeenssrt·

338 3545 413 3596 Alex.
429 3543 472 3596 31.
491 3541 556 3593 ibid.
573 3563 632 3616 cap.
654 3545 687 3598 33
699 3566 704 3596 ι
725 3547 840 3612 «Caesar,
886 3543 938 3596 ciis.
950 3540 1027 3594 cont.
1040 3541 1102 3594 Bell.
1115 3540 1188 3593 Alex.
1199 3540 1248 3609 69,
1259 3557 1343 3610 usque
1353 3535 1389 3589 ad

328 3625 451 3695 .tEgypto
463 3633 542 3694 atquo
554 3621 713 3678 Alexandria
726 3625 841 3695 potitus,
886 3621 931 3674 fin.
941 3643 948 3684 ς
959 3621 1026 3672 Plat.
1038 3623 1100 3674 Cas.
1113 3620 1161 3682 50;
1175 3620 1241 3684 Dio,
1251 3619 1333 3684 XLII,
1344 3615 1386 3683 45.

340 3721 412 3772 reges
427 3701 580 3768 constitnit,
600 3721 666 3774 quos
686 3701 841 3756 Ptolemaeus
886 3731 922 3741 -
933 3699 1079 3772 Multiplici
1091 3717 1200 3752 successu
1210 3700 1387 3770 praeferocem.

340 3793 497 3832 testamento
509 3781 665 3852 scripserat,
678 3792 757 3850 atque
769 3779 842 3833 obte-
886 3781 944 3831 iam
957 3793 1035 3832 antea
1046 3777 1192 3830 Pharnaces
1204 3779 1314 3832 missum
1327 3793 1389 3827 con·

340 3869 422 3910 status
437 3870 493 3910 erat
507 3857 638 3930 populum
651 3860 726 3910 Rom.
740 3878 773 3911 ne
782 3879 842 3912 mu·
886 3871 926 3910 tra
937 3877 965 3911 se
974 3877 990 3909 a
1000 3859 1099 3910 Cesare
1112 3859 1159 3910 Gn.
1170 3859 1318 3909 Domitium
1327 3853 1388 3906 Cal-

340 3948 466 3988 tarentur.
480 3937 561 4002 Nam,
577 3941 676 4009 majore
691 3957 722 3990 ex
735 3935 841 3992 duobus
887 3939 976 3988 vinum
994 3934 1028 3988 ad
1042 3933 1183 4008 Nicopolin
1200 3933 1347 3998 devicerat,
1362 3945 1390 3984 et

339 4015 428 4084 pueris
442 4032 503 4084 rege
517 4017 630 4082 amisso,
647 4016 742 4070 minori
758 4030 842 4076 trans·
888 4028 1038 4087 expugnata
1049 4015 1153 4078 Amiso,
1165 4013 1243 4064 Ponti
1255 4011 1337 4076 urbe,
1348 4011 1389 4061 lli·

341 4086 409 4141 didit
422 4108 547 4162 regnum,
565 4095 712 4166 majorique
728 4113 759 4146 ex
773 4091 842 4146 dua·
887 4095 1004 4167 thyniam
1016 4094 1141 4166 petierat,
1151 4092 1295 4164 impeditus
1306 4089 1387 4142 modo

341 4167 392 4220 bus
406 4165 481 4234 liliis,
495 4169 653 4242 Cleopatrae,
670 4191 727 4244 quae
741 4191 842 4225 mause-
887 4172 1015 4240 Asandri,
1034 4173 1150 4244 Bosporo
1169 4171 1300 4243 praefecti,
1319 4167 1390 4220 sedi-

341 4258 382 4304 rat
392 4247 418 4299 in
428 4244 480 4297 lide
489 4247 670 4320 presidiisque
679 4253 749 4320 ejus;
762 4254 843 4303 mino·
889 4251 969 4304 tione.
989 4251 1065 4302 Conl.
1087 4248 1149 4301 Bell.
1169 4247 1243 4300 Alea.
1264 4247 1300 4314 34
1315 4265 1386 4318 seq.;
