3040 5118
359 524 519 590 ocrau
547 523 829 592 rocusros
1037 499 1102 596 305
1148 573 1152 578 -

75 668 214 746 tempore
235 653 375 731 rariora,
400 666 433 716 et
453 655 565 718 minus
586 675 682 718 vana.
707 650 841 738 Quum³
862 651 1048 723 dedicatam
1072 659 1104 724 in

76 760 226 854 Capitolio
242 759 349 828 aedem
365 762 511 826 Tonanti
525 762 599 826 Jovi
614 759 747 827 assidue
760 761 1003 856 frequentaret,
1019 790 1106 834 som-

74 877 186 954 niavit,
206 875 300 966 queri
318 871 541 964 Capitolinum
562 878 696 953 Jovem,
716 873 861 942 cultores
881 874 944 941 sibi
964 877 1106 962 abduci,

75 1007 170 1077 seque
180 981 408 1074 respondisse,
424 986 612 1050 Tonantem
624 1007 687 1074 pro
694 981 840 1075 janitore
852 987 881 1052 ei
895 989 1085 1078 appositum
1099 1017 1105 1056 :

73 1091 209 1187 ideoque
221 1116 300 1159 mox
314 1091 548 1159 tintinnabulis
561 1092 731 1183 fastigium
745 1091 826 1160 aedis
840 1092 999 1178 redimiit,
1018 1097 1110 1190 quod

75 1228 109 1271 ea
119 1204 187 1270 fere
194 1201 308 1296 januis
321 1201 563 1296 dependebant.
578 1208 627 1270 Ex
638 1201 826 1270 nocturno4
838 1207 927 1286 visu,
941 1209 1041 1273 etiam
1054 1211 1109 1274 sti·

73 1339 146 1408 pem
166 1319 346 1410 quotannis
365 1313 419 1382 die
437 1331 528 1382 certo
548 1313 778 1382 emendicabat
794 1339 814 1381 a
832 1315 974 1408 populo,
995 1343 1112 1386 cavam
1181 1339 1182 1342 ’

72 1451 207 1494 manum
216 1451 308 1495 asses
322 1426 571 1518 porrigentibus
581 1425 745 1519 praebens.

114 1541 213 1603 XCII.
242 1537 397 1627 Auspicia
411 1553 444 1602 et
462 1538 572 1602 omina
592 1533 747 1630 quaedam
765 1560 828 1626 pro
846 1541 1038 1606 certissimis
1055 1539 1113 1608 ob-

72 1645 232 1712 servabat.
250 1649 281 1713 Si
295 1669 393 1712 mane
406 1645 467 1713 sibi
480 1645 629 1713 calceus¹
647 1669 839 1738 perperam,
854 1670 893 1712 ac
906 1650 1039 1716 sinister
1051 1674 1114 1741 pro

73 1753 224 1839 dextero,
241 1755 468 1836 induceretur,
484 1771 521 1822 ut
536 1754 667 1836 dirum;
691 1757 733 1836 si,
754 1770 842 1820 terra
860 1759 985 1824 marive
1006 1761 1114 1850 ingre-

72 1865 180 1934 diente
202 1891 239 1934 se
261 1867 481 1959 longinquam
502 1865 759 1958 profectionem,
785 1864 870 1931 forte
895 1885 1055 1949 rorassct,
1078 1886 1116 1936 ut

71 1975 198 2060 laetum,
210 1980 403 2072 maturique
417 1993 449 2043 et
456 1978 607 2067 prosperi
620 1972 754 2041 reditus.
767 1973 873 2042 Sedet
882 1975 1020 2045 ostentis
1033 2003 1116 2072 prae-

72 2087 165 2178 cipue
184 2086 396 2154 movebatur.
417 2090 558 2153 Enatam
576 2087 663 2151 inter
674 2083 850 2176 juncturas
870 2085 1021 2177 lapidum
1039 2106 1116 2156 ante

70 2193 208 2264 domum
223 2221 320 2264 suam
327 2197 474 2290 palmam
484 2199 519 2262 in
530 2195 775 2286 compluvium²
785 2199 931 2262 Deorum
943 2202 1117 2266 Penatium

71 2308 257 2392 transtulit;
268 2325 373 2403 utque
383 2308 599 2388 coalesceret,
615 2329 738 2396 magno
753 2331 854 2398 opere
866 2314 1004 2376 curavit.
1019 2311 1117 2404 Apud

70 2415 216 2484 insulam
227 2421 387 2510 Capreas,
401 2405 588 2484 veterrimae
596 2415 679 2481 ilicis
690 2413 854 2482 demissos
860 2415 930 2508 jam
940 2417 983 2484 ad
992 2435 1117 2488 terram

71 2523 339 2624 languentesque
354 2553 466 2596 ramos
480 2525 691 2595 convaluisse
707 2525 854 2594 adventu
869 2550 948 2610 suo,
963 2528 1048 2597 adeo
1059 2532 1116 2600 lae-

71 2653 157 2708 tatus
170 2659 243 2723 est,
258 2659 296 2708 ut
310 2645 385 2710 eas3
398 2666 475 2716 cum
488 2638 659 2733 republica
671 2638 967 2732 Neapolitanorum
981 2666 1117 2734 permu-

448 2774 456 2817 i

105 2875 129 2926 3.
152 2875 243 2946 Qum
256 2877 436 2931 dedicatam...
447 2880 575 2951 depende-
655 2876 731 2928 XCII.
747 2894 769 2926 ι.
779 2878 835 2930 Si...
844 2875 944 2928 calceus
950 2894 1117 2947 perperam...

71 2952 138 3006 bant.
158 2957 201 3008 De
215 2955 272 3008 aede
290 2959 362 3010 Jovis
376 2957 502 3013 Tonantis
517 2959 575 3011 vide
621 2957 791 3024 induceretur,
810 2969 859 3008 etc.
878 2956 943 3008 Plin.
962 2959 1001 3021 Il,
1022 2975 1036 3026 7
1056 2957 1117 3028 (5):

70 3036 575 3105 cap-29.SomniamnarratDio,LlV‚
623 3039 724 3089 *Divus
743 3037 876 3108 Augustus
894 3036 986 3088 larum
1002 3037 1120 3106 prodidit
1153 3055 1155 3063 ·

70 3109 94 3175 4.
106 3141 143 3150 -
156 3113 239 3182 Quod
252 3134 282 3166 ea
293 3116 463 3189 ferejauuis,
482 3133 531 3170 etc.
547 3130 576 3169 ut
621 3113 671 3166 sibi
679 3114 798 3166 calceum
804 3126 965 3184 praepostere
972 3113 1120 3180 inductum,

70 3188 158 3242 sonitu
169 3193 305 3262 janitores
324 3197 506 3248 excitarentur.
526 3198 575 3246 lm·
621 3210 674 3262 quo
685 3192 726 3244 die
736 3192 865 3244 seditione
876 3191 980 3244 militari
990 3211 1074 3265 prope
1084 3196 1121 3246 af·

69 3271 223 3340 perfectum
243 3274 436 3345 dependebant,
454 3296 503 3348 pro
523 3295 575 3347 quo
620 3270 706 3322 flletus
718 3285 788 3324 etta·

68 3347 195 3403 Oudend.
212 3366 334 3405 suaserat
345 3354 519 3427 dependeant,
531 3354 577 3406 be·
658 3369 681 3402 a.
692 3351 726 3402 In
736 3349 912 3422 compluvium
918 3388 927 3415 ,
941 3363 991 3402 etc.
1002 3351 1122 3423 Complu-

69 3445 103 3480 ne
113 3447 140 3482 ee
150 3430 272 3499 babere,
285 3445 313 3484 ut
323 3435 456 3486 actionem
464 3435 576 3504 Augusti
622 3431 693 3481 vium
709 3431 762 3480 sive
781 3427 940 3499 impluvium
960 3444 1051 3500 aperta
1066 3441 1122 3482 erat

70 3511 237 3580 respiciens,
254 3530 340 3582 neque
356 3526 442 3564 tamen
461 3513 578 3565 Suetonii
623 3527 683 3560 area
699 3509 726 3560 in
744 3507 836 3560 mediis
852 3506 968 3574 aedibus,
983 3509 1016 3560 ad
1032 3509 1122 3561 lumen

68 3598 142 3639 etate
153 3587 233 3640 hunc
244 3607 345 3640 rnorem
358 3591 483 3644 omissum
495 3592 577 3662 signi-
622 3583 814 3639 immittendum
822 3585 1057 3656 excipiendamque
1065 3587 1123 3657 plu-

69 3665 169 3732 ficans,
183 3665 267 3720 docet
278 3663 401 3720 Wolfius.
623 3669 700 3718 viam.
718 3667 770 3718 Ara
787 3665 824 3717 ibi
838 3678 894 3718 erat
910 3668 1025 3718 Deorum
1040 3668 1123 3720 Pena-

103 3745 128 3812 4.
141 3745 187 3797 Ex
203 3756 333 3798 nocturno
349 3745 442 3798 vitu...
455 3745 576 3817 proebens.
624 3748 698 3797 tium.
714 3745 780 3798 Vide
799 3744 871 3798 Clav.
890 3745 974 3797 Cicer.
994 3746 1043 3798 sub
1062 3765 1120 3798 voc.

68 3821 147 3874 conf.
162 3825 237 3891 Dio,
254 3824 319 3890 LlV,
336 3823 379 3877 35.
392 3824 508 3875 Illustrat
524 3845 580 3876 rem
624 3827 742 3878 Penates.
759 3825 858 3876 Contra
874 3825 951 3876 Lares
967 3823 1125 3876 colebantur

69 3901 253 3954 casaubonus
263 3923 294 3954 ex
304 3922 377 3954 more
386 3916 515 3968 veterum,
526 3922 579 3974 quo
624 3905 651 3954 in
664 3905 740 3968 foco,
754 3905 799 3972 qui
810 3914 865 3953 erat
875 3904 902 3952 in
915 3903 990 3954 atrio.
1004 3903 1044 3954 Cf.
1057 3903 1123 3954 ibid.

67 3998 158 4033 rernm
168 3977 327 4034 felicitatem
341 3979 476 4034 contraria
489 3980 580 4033 condi·
626 3983 709 4036 Lares.

68 4060 150 4110 tionis
166 4061 308 4112 mentione
318 4059 514 4132 temperabant,
526 4059 581 4112 Ne-
661 4063 686 4113 3.
704 4061 738 4112 Ut
746 4079 825 4112 eus...
834 4061 1030 4130 permutauerit,
1042 4061 1128 4114 AEna—

68 4139 155 4190 meain
172 4151 205 4189 ut
222 4155 310 4191 rerum
327 4139 444 4192 latarum
458 4143 581 4194 comitem
627 4142 665 4192 ria
676 4140 746 4191 data.
758 4139 798 4192 Cf.
807 4140 875 4205 Dio,
885 4137 943 4204 Lll,
953 4137 1003 4205 43,
1017 4136 1050 4192 ad
1062 4159 1127 4194 ann.

70 4219 221 4270 exoraturi.
628 4216 693 4289 7253
706 4217 813 4284 Strabo,
824 4221 856 4285 V,
867 4215 897 4284 4,
910 4236 936 4288 9.

166 4309 198 4373 J.
944 4331 987 4376 20
