2982 5116
381 530 444 572 nna
753 509 789 574 C.
815 509 1049 578 SUETONll

377 635 532 704 decurias
544 650 700 730 quartam
717 631 847 704 addidit
864 660 906 704 cx
920 635 1076 704 inferiore
1094 657 1218 718 censu,
1236 643 1343 730 quaa'·
1359 633 1415 702 du·

377 748 783 830 denariorumvoearetur,
787 743 1023 844 judiearetque
1030 744 1073 814 de
1081 745 1264 816 levioribus
1272 749 1412 814 summis.

376 855 513 926 Judices
533 867 584 926 a¹¹
608 860 769 928 vicesimo
789 861 895 928 [etatis
917 883 1008 928 anno
1029 858 1160 952 allegit,
1181 857 1304 940 idest,
1327 859 1414 952 quin·

377 973 526 1062 quennio
537 971 700 1036 maturius
715 995 818 1065 quam
828 968 991 1038 solebant.
1007 975 1055 1036 Ao
1069 969 1241 1062 plerisque
1251 963 1415 1060 judicandi

377 1103 502 1146 munus
517 1078 796 1164 detrectantibus,
809 1083 865 1148 vix
881 1083 1061 1162 noncessit,
1077 1095 1116 1146 ut
1126 1077 1269 1170 singulis
1281 1076 1414 1145 decuriis

376 1191 799 1282 pervicesannuavacatio
811 1206 915 1273 esset,
927 1208 961 1258 et
973 1208 1012 1258 ut
1023 1188 1196 1282 solitaeagi
1208 1187 1414 1256 Noverubn'·'

377 1323 417 1366 ac
429 1299 604 1368 Decembri
617 1323 733 1368 mense
746 1324 800 1367 res
815 1303 1060 1368 omitterentur.

423 1414 576 1478 XXXIII.
602 1415 678 1504 lpse
686 1408 762 1503 jus¹
776 1410 860 1478 dixit
869 1409 1022 1493 assidue,
1035 1426 1069 1478 et
1079 1413 1115 1477 in
1126 1426 1265 1477 noctem
1272 1433 1414 1478 nonnun

376 1543 494 1613 qutun,
517 1523 545 1587 si
565 1543 687 1614 parurn
707 1543 848 1613 corpore
870 1519 1012 1600 valeret,
1032 1517 1154 1586 lectica
1172 1527 1255 1612 pro²
1269 1516 1414 1586 tribunali

377 1629 554 1714 collocata,
574 1629 747 1699 ueletiam
769 1631 860 1699 domi
883 1629 1021 1700 clibana.
1043 1633 1135 1700 Dixit
1151 1648 1266 1698 autem
1280 1627 1337 1723 jus
1357 1655 1414 1698 uon

377 1739 545 1832 diligentia
560 1741 662 1808 modo
676 1766 828 1824 summa,
845 1739 904 1810 sed
919 1753 954 1808 et
968 1740 1120 1809 lenitate:
1142 1739 1309 1835 siquidem
1322 1743 1415 1808 mani·

377 1849 452 1919 festi
466 1852 634 1944 parricidii
646 1876 761 1936 reum,
776 1850 839 1920 ne³
852 1850 949 1920 culeo
961 1855 1164 1934 intueretur,
1177 1847 1271 1946 quod
1282 1874 1352 1919 nou
1361 1851 1415 1918 nisi

376 2078 442 2118 tom.
456 2067 505 2131 111,
517 2084 577 2138 pag.
597 2067 652 2138 13).
664 2066 716 2120 Sed
726 2068 830 2120 Manat.
845 2065 879 2120 de
919 2064 1018 2137 judicia
1036 2063 1163 2118 obeundo
1179 2064 1329 2136 legitimum
1346 2065 1415 2116 iniat

375 2143 488 2215 Legibus
506 2146 642 2214 Romania,
659 2164 683 2198 o.
707 2147 754 2214 15,
772 2147 880 2200 Antonii
922 2143 1029 2198 aliunde
1036 2156 1148 2198 constet.
1156 2143 1234 2197 nand
1241 2145 1414 2215 inoptam

375 2223 461 2294 lagcrn
480 2223 514 2276 de
535 2223 619 2276 tribua
637 2223 752 2276 decuriis
769 2241 879 2294 prorsus
920 2219 1414 2292 comma,tdert....costumiam

376 2319 431 2353 non
443 2300 611 2372 abrogatam,
623 2321 704 2372 quum
714 2301 798 2354 boetia
806 2301 879 2374 judi·
922 2303 1052 2356 existimat
1069 2299 1205 2368 Oudon,
1223 2302 1415 2373 Augustumque

375 2393 450 2434 catut
459 2379 503 2434 ille
514 2384 743 2450 estet,exittinaat.
752 2383 878 2448 Quintam
922 2401 978 2434 non
993 2383 1110 2454 quinqua
1129 2399 1217 2434 annos
1233 2380 1314 2434 solito
1333 2383 1415 2444 dtiar,

375 2458 510 2513 decuriam
527 2475 622 2533 postea
640 2459 743 2514 addidit
759 2459 878 2531 Caligula
922 2459 1415 2532 sudseriuajudicsaallegieaa,nbista·

374 2539 445 2608 (cat.
461 2539 506 2592 16:
520 2536 879 2607 «utlaviorlaborjndiean-
922 2554 977 2607 ret,
995 2539 1070 2611 quod
1088 2543 1116 2594 in
1136 2541 1262 2594 omibus
1280 2541 1354 2595 MSS.
1369 2553 1413 2602 eat,

374 2616 880 2689 tibnsforet‚adquatuorpriorasquin·
923 2619 1057 2672 tricenrno.

374 2708 427 2749 tarn
435 2696 676 2750 decuriamaddidit
684 2720 695 2744 ι
703 2700 722 2763 ).
730 2695 880 2762 Judicibut,
961 2715 1001 2750 tt.
1019 2698 1165 2754 Nouembri
1175 2717 1207 2750 ce
1217 2697 1366 2758 Dmbrir
1378 2695 1414 2767 qni

373 2787 471 2829 textam
490 2775 626 2830 decuriam
645 2777 725 2847 adjici
743 2779 878 2848 precauti-
922 2777 1228 2832 menaeatotifereludia
1236 2775 1416 2849 for-iisquetlati

374 2853 438 2921 bus,
450 2856 555 2922 negavit
566 2853 652 2907 Galba
663 2853 703 2926 (o.
719 2853 773 2924 14).
921 2856 1184 2929 pancoadiaafaatot
1198 2871 1279 2910 autea
1290 2853 1415 2908 etiarnba·

413 2931 878 2999 10.Qnoedueertan'ornmcoearetrtr.·
921 2935 1043 2990 buerant.
1052 2936 1150 3010 Rerogt'
1159 2938 1230 2989 enirn
1240 2935 1415 2988 audentem

375 3010 436 3082 qnia
449 3009 550 3062 scilicet
561 3009 623 3062 lecti
635 3024 751 3064 erantax
762 3009 878 3062 hornini-
922 3013 1056 3084 diountur,
1069 3033 1124 3086 qno
1140 3033 1220 3086 supra
1234 3027 1309 3068 aaut
1326 3031 1415 3079 m,

375 3088 426 3140 bus
440 3090 571 3140 inferioris
586 3108 696 3156 consus,
710 3091 757 3160 qni
775 3102 879 3142 tanturn
922 3091 1068 3146 debebitis
1081 3093 1181 3146 scilicet
1190 3091 1311 3164 judiciis.

374 3164 478 3216 ducena
486 3167 606 3218 sestertia
614 3166 878 3236 possidebant,non‚
957 3172 1073 3224 xxxin.
1096 3189 1118 3226 ι.
1132 3171 1182 3224 Just
1190 3171 1259 3226 dian
1266 3171 1372 3224 widuc.
1383 3169 1416 3221 na

375 3257 405 3296 nt
415 3244 507 3310 ceteri,
519 3243 716 3316 quadringena,
728 3259 880 3300 utvcrasat
918 3247 1104 3320 jurisdictione
1125 3249 1240 3320 &gatoti
1261 3250 1338 3302 conf.
1355 3249 1416 3312 niu,

374 3326 557 3397 interpretatio
578 3326 678 3378 Grovii.
701 3327 778 3378 Errat
799 3327 879 3399 igitur
921 3329 1048 3396 u11,ar.

375 3406 547 3471 Heincoeius,
562 3406 626 3458 Ant.
638 3407 714 3460 Rom.
730 3409 774 3473 lv,
793 3422 834 3478 17,
849 3424 878 3474 a,
959 3424 984 3459 a.
1002 3407 1055 3458 Pro
1073 3406 1210 3460 tribunali.
1227 3407 1292 3460 lllon
1310 3419 1350 3461 eat
1368 3405 1416 3458 lota

376 3483 463 3536 dictos
477 3483 536 3536 illos
551 3486 588 3536 ita
606 3485 775 3553 existimant,
796 3487 878 3558 aquia
920 3485 1071 3554 tribunalis,
1080 3485 1126 3540 ted
1133 3485 1333 3554 antetdbutaral,
1343 3499 1415 3538 atra·

376 3563 411 3616 da
424 3563 574 3616 minoribus
590 3564 698 3616 summis
708 3563 877 3635 judicabant,
921 3565 1028 3636 pissime
1042 3565 1115 3637 apud
1133 3567 1249 3637 optimos
1268 3569 1417 3639 scriptores,

377 3661 435 3714 qnae
445 3643 488 3695 CC
496 3641 578 3695 millia
588 3647 725 3693 nummum
737 3660 792 3696 non
802 3661 879 3696 caoe-
921 3663 1082 3716 quamquam
1090 3647 1118 3698 ia
1128 3647 1159 3698 iis
1167 3647 1233 3716 ipaia
1242 3646 1271 3698 id
1280 3645 1417 3719 repreba-

376 3722 501 3778 derent.·
921 3723 1040 3778 dandum
1049 3738 1115 3798 puto
1124 3722 1417 3798 propteraenruruabi

415 3819 455 3856 rr.
474 3800 630 3856 Avianium
639 3803 808 3856 oetctitattrto.
818 3804 879 3856 lino
922 3806 1059 3874 gnitatena.

378 3881 880 3950 ostamrndatiocujacimbsarv.XXI,
959 3883 985 3936 3.
1002 3883 1046 3936 Ne
1057 3882 1132 3936 culco
1146 3885 1310 3946 intumuere
1327 3902 1358 3936 ex
1370 3880 1417 3952 leqt

378 3961 427 4023 3²,
443 3961 555 4031 probata
570 3979 585 4012 a
599 3960 757 4014 casaubono
770 3959 804 4012 ad
817 3959 845 4012 b.
860 3959 877 4012 l
922 3963 1066 4034 Pompeio,
1081 3966 1157 4035 cujus
1171 3965 1294 4019 ohutnla
1303 3963 1360 4016 boc
1370 3975 1416 4014 eat:

379 4053 406 4088 et
415 4039 609 4110 Byukersboelt.
617 4041 821 4106 Obseruduria,
830 4043 880 4109 Vl,
927 4041 969 4092 ·ia
982 4043 1044 4112 (qui
1057 4041 1230 4114 parricidium
1242 4042 1286 4095 rel
1298 4041 1416 4114 patrarit,

384 4131 427 4183 17,
437 4133 468 4166 ac
478 4118 611 4190 pler-isque
621 4119 741 4190 reliquia,
751 4138 801 4190 pro
808 4117 879 4189 vulg.
923 4120 965 4174 rel
975 4124 1127 4194 tentarit)ti
1135 4122 1267 4194 conseatur
1274 4123 1338 4190 en't,
1348 4121 1416 4192 virgi!

379 4195 519 4262 tricesimo,
533 4217 613 4270 quum
624 4217 723 4252 annum
736 4200 769 4252 25
778 4201 879 4252 muneri
925 4203 1076 4271 sanguineis
1089 4201 1259 4270 verberatus,
1273 4200 1369 4255 deinde
1378 4215 1417 4250 tn·
