3026 5122
391 493 454 563 186
762 495 798 561 G.
825 494 1062 562 SUETONH

383 647 481 696 turn
495 626 531 690 in
546 621 688 692 hiberna
703 645 741 692 se
757 626 957 716 recepisset,
973 620 1127 691 unbatus
1144 623 1264 694 nundb
1278 619 1315 690 de
1328 621 1396 690 sedi·

384 739 475 804 tione
494 734 658 818 militum,
679 736 819 829 praemia
834 751 870 803 et
883 735 1079 804 missionem
1096 737 1312 828 poscentium,
1329 757 1395 827 quos

383 872 427 916 ex
436 851 530 916 omni
541 871 702 930 numero,
715 847 867 918 confecta
877 849 1033 931 victoria,
1048 843 1278 918 andisium⁶
1292 848 1396 938 premi·

384 976 489 1043 serat,
500 963 622 1052 repetit
633 961 779 1043 Italiam,
788 975 987 1054 tempestate
1001 962 1037 1028 in
1047 958 1190 1052 trajectu
1200 958 1250 1028 bis
1260 957 1397 1030 conflicta·

385 1085 456 1138 tus:
467 1074 577 1165 primo
587 1077 691 1142 inter⁷
701 1077 931 1168 pmmontoria
942 1073 1165 1168 Peloponnesi
1175 1069 1396 1168 atqueAEtolie,

384 1205 503 1250 rursus
516 1185 603 1252 circa
611 1201 744 1254 montes
754 1187 951 1270 Ceraunios,
965 1183 1248 1278 utmbiqueparte
1258 1180 1399 1250 ⁸lebuni-

383 1313 501 1362 carnm
514 1291 687 1380 demersa,
703 1296 871 1391 simulque
887 1293 978 1389 ejus,
995 1297 1031 1363 in
1047 1319 1114 1390 qua
1129 1293 1322 1373 vehebatur,
1336 1291 1398 1358 listis

383 1409 615 1490 armamentis,
626 1403 1399 1500 espinemculodiffractoutecsampliusqum

383 1532 514 1606 septem
523 1531 557 1585 et
565 1521 681 1610 viginti
693 1518 781 1602 dies,
793 1518 902 1588 donec
913 1516 1078 1587 desideria
1086 1517 1231 1586 militum
1240 1514 1400 1584 ordinater

384 1641 452 1712 tur,
467 1630 632 1698 Brundisii
644 1648 870 1700 commoratus
881 1684 889 1714 ,
902 1633 987 1699 Asiae
1001 1632 1172 1724 Syriaeque
1184 1629 1319 1697 circuitu
1326 1630 1402 1716 Aigy-

383 1753 479 1829 ptum
494 1741 595 1830 petit:
610 1741 813 1836 obsessaque
823 1749 847 1779 ¹⁰
861 1738 1081 1820 Alexandria,
1093 1761 1162 1831 quo
1172 1740 1331 1806 Antonius
1341 1756 1402 1800 arn

383 1846 559 1942 Cleopatra
571 1851 768 1944 confugerat
778 1905 786 1934 ,
798 1851 891 1920 brevi
902 1853 1027 1944 potitus
1041 1865 1102 1917 est.
1116 1853 1158 1916 Et
1169 1851 1342 1918 Antonium
1349 1847 1403 1939 qui·
1486 1837 1487 1862 ¹

383 1955 479 2042 dem,
501 1984 593 2028 seras
615 1961 822 2031 conditiones
845 1964 937 2056 pacis
959 1975 1162 2040 tentantem,
1185 1958 1232 2028 ad
1257 1969 1401 2026 ¹¹mortem

383 2068 512 2162 adegit,
531 2070 682 2170 viditque
704 2091 889 2144 mortuum.
912 2073 1116 2168 Cleopatrae,
1137 2096 1243 2168 quam
1264 2085 1402 2138 servatam

417 2301 443 2355 6.
458 2303 769 2374 Quot..·.·annrlisissm
779 2309 884 2381 proemi-
926 2305 1018 2376 prelio
1034 2304 1149 2377 equestri
1166 2302 1201 2354 ab
1219 2300 1331 2354 Antonio
1347 2297 1405 2349 fusus
1488 2317 1489 2374 ᾗ

380 2395 463 2445 serat,-
479 2396 505 2436 et
517 2403 581 2438 suos
594 2400 622 2439 et
637 2389 818 2455 Autonisncs,
836 2391 883 2460 qui
927 2397 976 2437 est.
989 2384 1029 2439 cf.
1048 2381 1183 2437 Plutarch.
1200 2383 1300 2434 Antcn.
1315 2379 1353 2450 74.
1366 2373 1405 2428 Sel
1488 2395 1489 2430 ὲ

382 2460 417 2512 ad
436 2480 496 2515 suas
510 2479 599 2536 partes
615 2480 798 2535 accesserant,
813 2467 883 2520 unde
926 2463 1012 2516 victus
1028 2476 1121 2535 postes
1139 2462 1273 2514 Antonius
1290 2479 1305 2512 a
1320 2454 1406 2529 pedite,
1488 2457 1489 2472 ¹

381 2540 882 2613 rdditsuosor,exomninummJtem
926 2538 1408 2614 factaqueclaetitreliqunrumqueto·

381 2635 469 2675 namt
482 2625 548 2692 Dio,
562 2625 594 2679 Ll
601 2666 609 2694 ,
622 2626 647 2679 3.
925 2623 1031 2693 piarum
1040 2621 1206 2692 proditione,
1216 2618 1252 2670 de
1263 2629 1343 2670 morte
1351 2614 1407 2683 cugl-

417 2715 442 2768 7.
465 2702 539 2754 Inter
550 2705 730 2774 promontoria
745 2703 881 2775 Pelopon-
926 2701 998 2752 tevit.
1016 2699 1085 2752 Plut.
1101 2699 1143 2770 76.
1162 2695 1295 2762 Velleius,
1308 2691 1408 2766 eupit:

381 2779 435 2830 nesi
445 2791 522 2853 atque
533 2783 640 2838 AEtulioe
647 2807 656 2847 ,-
668 2788 736 2837 inter
747 2783 843 2837 Rhium
855 2797 882 2836 et
927 2803 940 2827 s
950 2780 1071 2832 Proximo
1080 2776 1175 2832 deinde
1183 2783 1408 2849 annmpeueetlut

380 2857 544 2912 Antirrhium
557 2865 681 2934 opinatur
692 2863 806 2918 Casaub.
816 2903 824 2931 ‚
836 2864 881 2936 qni
925 2859 1042 2929 reginam
1062 2857 1265 2928 Antoniumque
1278 2848 1409 2907 Alessndri·

381 2948 438 2987 erat
453 2935 624 2993 brevissimus
639 2961 671 2995 er
686 2943 782 2996 AEtolis
793 2945 820 2995 in
833 2945 881 2995 Pe·
925 2957 984 3002 am,
998 2937 1116 2989 ultimam
1125 2935 1202 2988 bellis
1212 2934 1333 2988 civilibus
1341 2935 1409 3002 impo-

380 3010 557 3082 loponneeum
570 3023 704 3089 trajectus.
925 3017 978 3069 suit
1002 3033 1141 3068 manum·
1167 3015 1306 3079 Ceterum,
1325 3011 1409 3081 cepisse

416 3090 442 3143 8.
462 3092 658 3148 Liburnicarum
666 3121 676 3159 ,·
689 3097 786 3170 quibus
795 3100 882 3150 mino·
925 3093 1053 3148 Gesarem
1065 3092 1252 3147 Alexandriam
1266 3109 1352 3146 mense
1361 3090 1411 3142 Ses-

379 3170 452 3224 ribus
463 3173 575 3243 navigiis
584 3175 727 3231 utebantur
736 3177 770 3230 sd
779 3181 829 3230 iter
838 3195 881 3230 ce·
925 3173 981 3240 tili,
993 3175 1129 3227 annotavit
1138 3175 1192 3244 jam
1204 3173 1310 3226 Ernest.
1322 3190 1336 3225 e
1346 3171 1411 3222 Sent-

379 3247 482 3303 lsrss'rne
494 3252 698 3309 conficiendum.
712 3259 831 3310 libumoe
841 3256 882 3310 di·
926 3252 1111 3320 tusconsulto‚
1140 3251 1215 3324 quod
1241 3263 1326 3306 exstet
1352 3241 1412 3318 spel

380 3341 477 3381 cuntur
485 3331 577 3383 nome.
590 3334 693 3404 Epodtl.
704 3340 729 3403 1,
743 3353 764 3388 s.
775 3338 880 3390 Nomen
925 3332 1045 3387 Macrob.
1059 3331 1209 3399 Saturni,
1225 3319 1267 3386 ls.

378 3405 479 3460 babent
495 3426 511 3461 a
527 3410 641 3465 Liburno
655 3413 775 3485 populo,
791 3419 837 3487 qui
853 3416 881 3468 in
963 3407 1411 3486 11.Adm0remadeqis.vell.l.c

377 3487 481 3562 lllyrioo
498 3488 639 3544 incolebat.
652 3523 688 3533 -
701 3493 880 3547 Gubernaculo
925 3489 1075 3544 -Ansonius
1085 3509 1114 3544 se
1126 3492 1183 3564 ipse
1195 3510 1252 3544 non
1264 3490 1375 3561 segniter
1384 3487 1414 3537 in·

378 3569 513 3640 disjuncto.
527 3570 611 3624 Codd.
624 3571 684 3640 alii,
695 3572 821 3645 defracto.
836 3576 878 3629 Cf.
924 3570 1041 3637 teremit,
1052 3569 1119 3625 sdec
1129 3583 1158 3623 nt
1168 3571 1251 3624 mults
1260 3567 1414 3624 desidiecn'·

377 3647 414 3700 sd
425 3650 489 3702 Ces.
504 3649 547 3720 37.
923 3650 995 3700 mins
1009 3662 1094 3702 morte
1107 3648 1281 3702 redimeret.»
1294 3643 1414 3702 „Vuis

413 3743 439 3795 9.
458 3728 732 3802 Necumpls'sssqsscm
744 3739 880 3800 mmet
905 3743 974 3798 vpue
996 3740 1137 3782 mestraim.
1166 3729 1226 3783 Sive
1251 3725 1415 3782 miserationis

379 3803 474 3877 ciqints'
482 3808 542 3862 dies.
554 3810 622 3876 Dio,
636 3829 660 3862 e.
673 3807 703 3874 ⁵,
715 3827 826 3862 numero
838 3829 879 3862 rc·
923 3823 1020 3873 muse,
1035 3809 1089 3861 sive
1102 3807 1266 3862 crudelitatis
1279 3805 1373 3860 vidisse
1382 3801 1414 3854 di·

379 3883 463 3937 tundo
479 3889 595 3958 triginta
618 3887 692 3942 dicit.
722 3888 879 3943 substiterat
923 3898 1015 3952 tetur,
1033 3905 1156 3941 amovere
1175 3905 1277 3942 murex
1294 3885 1322 3938 b.
1337 3884 1355 3936 l·
1369 3898 1416 3936 120¹

379 3961 525 4026 Brundisii,
540 3965 632 4038 ibique
643 3968 784 4034 Senatum,
797 3969 877 4038 Equi·
922 3963 1025 4032 audeo,
1037 3985 1197 4040 quamquem
1208 3964 1382 4026 emarchus,
1391 3971 1416 4012 πί

378 4050 436 4102 tes,
459 4058 632 4116 mugitumque
656 4059 758 4116 pestem
783 4042 879 4117 populi
922 4063 1004 4116 sape,
1017 4065 1033 4098 a
1043 4048 1144 4101 Nostro
1154 4047 1292 4111 diversus,
1305 4065 1329 4098 e.
1342 4043 1374 4116 78
1385 4037 1417 4092 ull

378 4115 484 4170 obviam
497 4118 659 4190 prodeuntes
672 4137 820 4198 exceperat.
922 4129 990 4195 nisi,
1001 4143 1139 4182 cruentum
1148 4129 1256 4182 Antonii
1267 4141 1416 4180 mucronem

279 4251 284 4278 Ι
385 4237 389 4244 .
417 4216 458 4252 so.
478 4201 628 4275 oleaeque
639 4204 878 4268 Alexandriasubi
922 4209 1048 4262 nonsisue
1060 4208 1182 4284 lacrymis
1191 4209 1328 4280 accepisse
1339 4205 1416 4258 eus·
