3120 5136
403 504 469 584 304
599 475 604 498 '
778 499 813 561 c.
840 497 1072 566 susrouu

402 653 537 697 omnem
555 624 693 718 majoris
711 624 918 716 tempestatis
937 623 1162 714 suspicionem
1183 624 1219 688 in
1240 621 1392 691 abditum
1409 639 1438 690 et

402 750 674 808 concameratum
684 732 797 802 locum
810 757 847 801 sc
859 735 1037 825 reciperet;
1051 747 1285 800 constemstus
1295 733 1373 800 olitn
1384 757 1438 826 per

401 865 604 920 nocturnum
619 847 681 911 iter
695 851 910 911 transcursu²
924 841 1083 934 fulguris,
1097 858 1136 909 ut
1148 840 1373 934 praediximus.

369 945 373 953 ¹
446 961 530 1026 XCI.
556 957 689 1025 Somnia
699 978 810 1048 neque
822 978 902 1036 sua,
919 977 1030 1048 neque
1043 951 1154 1020 alienu
1168 951 1211 1020 de
1229 977 1282 1037 se,
1300 953 1436 1046 neglige·

401 1066 467 1134 but.
484 1065 706 1157 Philippensi¹
726 1068 796 1132 acie
806 1117 815 1146 ,
827 1067 980 1158 quumvis
997 1065 1168 1130 statuisset
1181 1087 1252 1132 non
1268 1062 1379 1156 egredi
1395 1065 1436 1131 te·

401 1173 583 1242 bernaculo
592 1189 731 1266 propter
738 1173 965 1242 valetudinem
976 1225 984 1256 ,
997 1195 1153 1264 egressus
1165 1189 1340 1242 esttamen
1348 1175 1435 1241 amici

401 1290 532 1355 somnio
548 1289 715 1370 monitus,
726 1289 892 1382 cessitque
910 1310 964 1354 res
984 1310 1163 1379 prospere,
1184 1285 1321 1381 quando
1340 1288 1434 1380 captis

402 1400 518 1466 eastris
538 1396 655 1465 lectica
678 1395 766 1490 ejus,
792 1399 886 1492 quusi
906 1397 952 1464 ibi
971 1394 1098 1464 cubans
1122 1399 1351 1480 remansisset,
1369 1420 1435 1464 oon-

401 1509 929 1602 cursuhostiumconfossuotque
940 1507 1151 1604 lacerumest.
1167 1513 1336 1601 Ipse²per
1345 1529 1434 1575 omne

400 1615 1431 1713 verplurirnu,etformidolosissime‚etvana,etirritavidebet:

400 1778 466 1882 Plio.
481 1831 547 1884 Hist.
562 1833 622 1884 Nat.
642 1835 679 1898 ll,
699 1832 732 1886 55
749 1833 829 1907 (56);
848 1859 860 1882 ι
869 1854 901 1887 ex
944 1830 1087 1886 letudinem
1098 1833 1218 1904 proximo
1232 1830 1321 1904 prelio
1335 1848 1387 1884 uon
1399 1831 1433 1882 iu*

400 1911 446 1977 iis,
461 1929 517 1982 quae
529 1923 598 1964 terra
608 1914 758 1984 gignuntur,
769 1914 838 1966 lauri
847 1916 900 1966 fru-
946 1926 1063 1966 teresset.
1074 1911 1155 1982 Quod
1167 1931 1248 1983 quum
1261 1914 1346 1964 Cesar
1356 1909 1433 1962 sudis-
1530 1929 1531 1932 ¹

401 1990 479 2042 tieem
497 2009 551 2042 non
570 1993 616 2041 icit
628 1989 773 2064 (fulmen),
788 2013 838 2046 nec
852 2013 902 2046 un·
946 2005 1001 2056 set,
1011 1990 1105 2044 lectica
1115 2009 1143 2043 se
1154 1992 1180 2044 in
1191 1991 1275 2042 eciem
1287 1988 1379 2042 deferri
1387 1989 1433 2057 jus·

400 2083 481 2139 quom
497 2071 615 2141 quinque
633 2069 711 2124 altius
730 2071 843 2144 pedibus
857 2072 901 2126 de·
945 2071 993 2123 sit:
1008 2067 1131 2122 ubidum
1146 2087 1227 2142 supra
1241 2070 1310 2121 vires
1324 2067 1432 2139 corporis

401 2146 504 2199 scendit
519 2149 546 2198 iu
561 2162 666 2201 terrum.
678 2150 743 2202 Ideo
760 2153 849 2224 pavidi
864 2153 902 2205 al·
945 2169 995 2222 pro
1009 2149 1179 2221 adipiscenda
1193 2151 1304 2201 victoria
1319 2147 1432 2208 excubat,
1529 2169 1531 2194 ι

401 2227 902 2301 tioresspccustutissimosputant,aut
945 2223 1431 2299 eastracjusaBrutocaptasuthuid

401 2305 597 2360 tabernaculis
610 2308 725 2380 pellibus
742 2310 900 2380 helluonem,
946 2307 1093 2379 ergouliud
1109 2321 1247 2378 putemus,
1263 2327 1341 2379 quam
1353 2307 1430 2358 divino
1530 2341 1531 2346 ,

401 2401 466 2457 quas
485 2384 579 2438 nimios
600 2386 754 2457 appellum,-
772 2391 901 2459 quoniam
945 2407 1053 2440 munere
1068 2389 1212 2449 ellectum,
1231 2406 1266 2440 ne
1284 2387 1431 2440 destinatum

401 2460 454 2514 hoc
469 2461 555 2516 solum
571 2465 668 2518 animal
683 2484 714 2517 cx
725 2469 832 2521 murinis
846 2486 901 2520 non
942 2469 997 2536 jem
1010 2464 1202 2518 immortalitati
1214 2481 1296 2538 caput
1310 2464 1433 2534 indignam

401 2544 547 2614 percutiut;
568 2546 635 2596 sicut
653 2563 704 2596 nec
723 2545 902 2598 evolucribus
946 2544 1042 2598 caelesti
1058 2547 1152 2617 spiritu
1168 2546 1281 2598 fortune
1294 2543 1432 2597 violentiam
1529 2577 1531 2590 ,

402 2621 531 2694 aquilam,
543 2641 599 2696 quse
609 2623 644 2675 ob
654 2623 706 2676 hoc
718 2626 846 2695 armigera
855 2624 903 2676 hu·
947 2624 1091 2675 sentiretis
1110 2623 1150 2676 cf.
1168 2623 1299 2674 Plutarch.
1318 2623 1377 2674 Ant·
1392 2637 1431 2680 ts,

399 2703 444 2772 jus
458 2701 503 2754 teli
518 2703 652 2773 lingitur·
948 2717 974 2754 et
983 2703 1053 2754 Brut.
1065 2703 1109 2769 413
1122 2703 1236 2774 Appiun.
1248 2704 1292 2766 W,
1307 2719 1368 2764 rto;
1378 2702 1431 2760 Dio,

439 2795 464 2831 2.
484 2779 641 2833 Transcursu
654 2779 779 2854 fidquris.
797 2780 863 2832 Vide
879 2799 902 2833 c.
947 2780 1432 2850 XLVll‚41;Flor.lV,7,9;Luct.1nst.

404 2875 445 2928 ²9·
461 2859 512 2909 Pro
524 2861 705 2928 prediximus,
720 2859 752 2911 al.
771 2879 786 2912 e
803 2859 903 2930 glosse-
948 2860 982 2924 11,
995 2875 1020 2927 7,
1031 2875 1078 2920 πῃ
1088 2857 1198 2909 Tertull.
1206 2856 1240 2909 de
1249 2859 1391 2924 Anima‚c.
1398 2855 1432 2922 46.

402 2947 473 2986 mete
483 2953 560 3007 supra
570 2937 695 3002 diximus,
705 2937 756 2990 nisi
764 2948 903 3010 utrumque
946 2938 1045 2988 Nostro
1055 2937 1115 2988 loco
1126 2936 1185 3004 alii,
1195 2937 1290 2990 medici
1298 2957 1348 3009 pro
1359 2933 1432 2988 amici.

403 3011 556 3064 aediticium
571 3029 618 3066 est.
947 3017 1094 3086 Utrumque
1107 3034 1216 3083 verum,
1229 3029 1260 3067 ut
1273 3029 1346 3088 petet
1356 3035 1371 3067 s
1380 3015 1433 3067 loeis

438 3093 506 3145 xci.
528 3109 550 3144 1.
566 3093 732 3166 Philippensi
742 3097 824 3148 acie...
836 3098 902 3149 ami·
946 3095 1039 3147 citatis.
1048 3092 1136 3146 Amici
1142 3107 1229 3146 tamen
1239 3094 1434 3166 preferendum,

403 3171 429 3225 ci
446 3173 546 3225 somnio
567 3176 688 3227 monitus.
709 3175 775 3228 ven.
795 3179 831 3242 11,
853 3193 900 3246 7⁰²
947 3173 1020 3246 quod
1038 3173 1193 3227 Plutarchus
1212 3173 1294 3227 hahet
1312 3176 1356 3228 coir
1374 3173 1433 3238 quar

406 3253 484 3323 «ipse
494 3251 587 3315 Cesar,
601 3254 703 3307 etiamsi
712 3253 902 3307 infirmissimus
945 3239 1005 3308 ruric
1019 3265 1131 3323 utroque
1144 3251 1219 3317 loco,
1234 3265 1261 3303 et
1276 3252 1369 3304 medici
1382 3249 1434 3304 sub-

402 3329 552 3384 vuletudine
567 3346 640 3398 erat,
653 3333 744 3385 obibat
756 3336 844 3386 munia
855 3333 903 3386 du·
948 3333 1069 3383 stitutum
1081 3330 1186 3383 videtur
1200 3350 1214 3382 e
1229 3331 1371 3384 semoribus
1383 3329 1433 3382 scri-

403 3409 902 3480 cis,omtusetiamubdrtoriomedico,
947 3409 1432 3482 ptoribusAEudemconfusioeratilcs.

403 3506 436 3541 ne
448 3491 475 3541 in
490 3491 580 3541 cestris
590 3501 751 3556 remaneret,
763 3492 902 3544 manifesto
948 3509 1006 3562 cup.
1019 3491 1044 3558 4.

403 3567 607 3620 denunciatione
620 3569 712 3639 quietis
724 3571 825 3620 territo.
834 3592 845 3616 n
854 3573 904 3622 Ve-
985 3586 1007 3619 2.
1027 3569 1086 3640 Ipse
1095 3586 1143 3640 per
1153 3585 1230 3620 omne
1240 3589 1324 3620 ven...
1338 3565 1432 3620 videbat.
1492 3595 1495 3600 ·

403 3644 449 3699 ler.
462 3649 532 3700 Max.
545 3649 569 3712 1,
581 3665 607 3717 7,
621 3663 649 3697 r:
666 3669 676 3692 ι
687 3649 749 3716 Ejus
760 3645 902 3719 (Augusti)
946 3647 1057 3699 Causam
1066 3646 1228 3700 medicorum
1237 3646 1283 3699 lilii
1294 3646 1434 3720 quur-autin

403 3726 502 3780 medico
523 3727 627 3780 Artorio
646 3744 767 3779 somnum
787 3730 903 3800 cupienti
947 3746 994 3794 eo,
1015 3725 1088 3797 quod
1109 3745 1166 3798 cap.
1189 3727 1238 3793 81,
1262 3724 1434 3780 «initiorum

403 3818 499 3871 nocte,
519 3823 600 3877 quarn
620 3803 674 3856 dies
693 3806 827 3857 insecutus
846 3817 901 3868 est,
946 3805 1149 3877 praecordiorum
1169 3803 1305 3858 inflatione
1326 3803 1435 3858 tentaba-

404 3899 457 3955 quo
469 3881 497 3933 iu
512 3883 612 3954 campis
626 3881 778 3954 Philippicis
792 3884 902 3934 Romani
946 3897 997 3936 tur.
1008 3908 1019 3932 ι
1032 3883 1196 3936 valetudinis
1210 3881 1435 3942 divorsam'condi·

403 3961 473 4014 inter
494 3979 521 4013 se
542 3963 672 4014 exercitus
693 3975 903 4029 concurrerunt,
947 3964 1047 4014 tionem
1073 3961 1174 4015 diversa
1197 3966 1300 4016 somnia
1323 3964 1434 4036 gignere,

403 4040 526 4091 llfiuervae
541 4042 642 4110 species
656 4040 750 4094 obortu
761 4043 902 4114 precepit,
948 4043 1006 4114 quis
1020 4059 1074 4093 non
1086 4055 1126 4094 cst
1137 4055 1273 4113 expertus,
1287 4056 1318 4095 ut
1333 4039 1434 4094 arctissi-

405 4129 434 4167 ut
454 4117 526 4170 illum
545 4121 617 4189 provi
632 4121 727 4174 rnorbo
746 4120 903 4193 implicitum
947 4121 1434 4194 misinterseviuculiscorpusanimus·

405 4211 536 4262 moneret,
549 4218 582 4252 ne
593 4213 702 4271 propter
712 4200 846 4253 adversam
859 4220 902 4252 rn-
947 4219 998 4273 que
1010 4205 1094 4254 teneri
1106 4204 1237 4256 verissime
1248 4201 1384 4256 dicuntur?
