3122 5134
396 522 434 562 xx
689 496 877 558 NOTITIA
898 496 1144 558 uttaaaats

394 631 485 679 exuta
496 615 617 680 feritate
628 618 782 678 rationem
793 617 865 677 vitoe
875 614 992 678 habere
1005 619 1185 700 caepissent,
1199 635 1293 698 seque
1306 635 1342 676 ao
1353 617 1432 678 Deos

394 743 468 783 suos
492 740 607 797 nosse,
632 718 751 780 cultum
778 719 939 780 modicum
962 739 999 780 ac
1024 739 1201 780 sermonem
1226 721 1431 780 necessarium

393 825 562 885 commenti
580 835 652 882 sunt
667 822 726 901 (ita
744 841 779 882 ex
793 821 904 882 Isidori
921 823 1007 902 Orig.
1019 823 1109 898 VIII,
1126 843 1157 903 7,
1175 819 1242 900 lege
1258 841 1318 902 pro
1331 841 1431 882 enave-

392 925 551 1005 aientibus)
565 923 642 986 stbt:
656 927 817 1007 utriusque
830 924 1095 1005 magnificentiam
1108 923 1148 984 ad
1162 923 1345 1004 religionem
1357 925 1433 984 Deo·

391 1051 461 1092 rum
484 1049 613 1092 suorum
636 1031 896 1109 excogitaverunt.
922 1029 1018 1109 Igitur
1039 1027 1157 1109 templa
1179 1026 1261 1102 illis,
1286 1024 1431 1090 domibus

391 1132 586 1217 pulchriora,
605 1145 636 1193 et
651 1131 817 1194 simulacra
832 1129 1017 1214 corporibus
1035 1131 1189 1213 ampliora
1207 1127 1374 1192 faciebant.
1387 1132 1431 1191 Ita

390 1236 516 1318 eloqqu
530 1237 623 1296 etiam
636 1235 725 1316 quasi
738 1235 915 1314 augustiore
929 1231 1132 1294 honorandos
1149 1245 1350 1315 putaverunt,
1365 1233 1430 1294 lau·

390 1337 506 1420 desque
524 1355 631 1396 eorum
646 1349 677 1396 et
689 1332 793 1396 verbis
806 1330 1046 1410 illustrioribus,
1064 1347 1096 1394 et
1111 1331 1353 1415 jucundioribus
1372 1355 1428 1395 nu·

390 1437 483 1496 meris
496 1435 681 1496 extulerunt.
694 1432 729 1493 Id
744 1453 841 1514 genus
854 1436 927 1515 quia
943 1431 1044 1492 forma
1057 1432 1191 1515 quadam
1204 1432 1348 1510 efficitur,
1361 1454 1428 1518 qua

387 1539 491 1603 aalma<
504 1535 628 1612 dicitur,
645 1551 759 1616 poema
771 1535 941 1595 vocitatum
956 1547 1017 1610 est,
1034 1534 1161 1617 ejusque
1178 1531 1304 1596 fictores
1317 1549 1432 1616 poeta.

636 1770 850 1837 SCRIPTA
878 1771 1178 1837 DEPERDITA.

426 2003 539 2063 Murra
560 2000 622 2063 alia
643 2004 810 2084 scripserat
832 2000 1013 2077 Suetonius,
1033 2021 1103 2084 qua
1124 2000 1359 2062 interciderunt.
1383 2006 1427 2064 Ex

384 2102 433 2163 his
446 2101 531 2164 fuere
542 2123 550 2162 ι
564 2105 623 2184 ttspl
636 2107 685 2160 τῶν
695 2101 754 2182 παρ’
767 2087 866 2163 iuna
878 2101 1005 2178 παιδιῶν,
1017 2102 1051 2162 de
1063 2100 1136 2163 ludu
1148 2105 1317 2165 Graecorum
1330 2101 1386 2164 lib.
1399 2107 1427 2181 I,

383 2203 466 2265 Suid.
482 2207 515 2263 in
528 2205 701 2282 Τράγκυλλιι,
717 2217 748 2264 et
761 2204 883 2264 Servius
895 2206 927 2263 in
942 2206 969 2263 V
981 2203 1099 2264 AEneid.
1116 2202 1171 2263 ubi
1186 2205 1266 2266 male
1278 2225 1427 2268 excusum

382 2308 416 2368 de
425 2327 582 2391 puerorum
594 2304 709 2366 lusibus.
721 2305 864 2367 Laudant
875 2309 968 2367 etiam
980 2309 1103 2368 Tretzes
1113 2351 1121 2383 ,
1132 2307 1212 2368 ChiI.
1225 2309 1266 2370 VI
1276 2311 1356 2372 Hist.
1371 2307 1425 2386 85,

256 2441 260 2458 ·
333 2483 335 2486 Ι
382 2424 414 2471 et
427 2407 606 2469 Eustathius
622 2406 662 2468 ad
678 2407 766 2468 Iliad.
780 2411 806 2469 ἅ.
823 2408 885 2470 Lib.
902 2411 919 2469 I
934 2411 1070 2471 Ht'storioe
1085 2409 1202 2472 ludicra
1217 2411 1297 2472 Geli.
1316 2414 1376 2488 IX,
1396 2436 1425 2496 7.

382 2513 426 2571 De
436 2506 605 2594 spectaculis
614 2523 642 2569 et
654 2510 859 2572 certaminibus
868 2514 1084 2586 Romanorum,
1096 2514 1153 2594 πιρὶ
1163 2520 1214 2571 τῶν
1224 2515 1293 2594 παρὰ
1299 2499 1427 2593 ῥωμαίοις

381 2615 510 2690 &raptaris
525 2613 568 2668 aa
581 2613 686 2687 ἀγώνων
703 2610 758 2671 lib.
772 2613 817 2688 II,
834 2611 917 2672 Suid.
936 2616 996 2694 Iltp't
1007 2621 1054 2671 τοῦ
1069 2615 1134 2672 κατὰ
1146 2601 1276 2694 i‘upaioue
1288 2617 1424 2692 irmotoi,

382 2713 503 2774 deanno
509 2713 657 2788 Romano,
666 2709 721 2772 tib.
734 2713 764 2789 I,
776 2711 816 2773 id.
831 2718 890 2794 Περὶ
902 2719 952 2772 τῶν
963 2717 988 2772 ἒν
999 2723 1051 2780 τοῖς
1061 2719 1169 2797 βιβλίοις
1180 2721 1306 2797 captiua,
1320 2719 1355 2780 de
1368 2737 1424 2782 no-
1543 2759 1545 2800 4

382 2816 430 2889 tir,
448 2812 552 2897 quibus
565 2813 662 2874 castet
673 2815 705 2872 ia
720 2811 799 2874 librar
812 2815 976 2891 utebantur,
989 2815 1044 2876 lib.
1057 2820 1085 2892 I,
1097 2819 1139 2879 id.
1156 2824 1216 2900 Ilspi
1228 2829 1273 2888 τῆς
1287 2823 1427 2903 Κικέρωνος
1543 2819 1545 2874 ι

380 2917 524 2994 aetram,
544 2935 598 2998 pro
616 2915 759 2976 Ciceronis
776 2916 951 3000 Republica,
972 2919 1118 2982 adversus
1138 2920 1307 3004 Didymum
1327 2923 1424 2986 Chal-

381 3026 542 3074 centerutn
566 3017 812 3077 Grammaticum
838 3019 908 3101 (qui
932 3021 1076 3082 Clearoni
1100 3023 1318 3101 maledixerat,
1345 3041 1425 3089 teste

380 3114 832 3198 Ammian0,XXllult.),Suid.
841 3123 901 3199 Περὶ
913 3121 1043 3198 ὀνομάτων
1058 3129 1149 3203 κωμέων
1163 3127 1206 3182 καὶ
1220 3124 1291 3184 idam
1304 3127 1425 3207 inflapti·

379 3237 444 3289 των,
460 3219 503 3272 mi
517 3215 702 3297 ὑποδημάτων,
715 3225 758 3278 mi
769 3229 820 3280 τῶν
832 3223 932 3300 ἄλλων,
949 3223 987 3293 οἷς
1002 3249 1041 3293 τις
1053 3230 1229 3308 ἀμφιίνννται,
1245 3233 1280 3295 de
1292 3237 1423 3296 nomini·

379 3317 432 3380 bus
447 3322 586 3402 propriis,
603 3333 633 3380 et
649 3321 684 3382 de
698 3323 851 3406 penatibus
865 3331 999 3407 vestiam,
1017 3333 1100 3392 Suid.
1115 3349 1147 3395 et
1165 3337 1287 3397 Seruius
1303 3339 1338 3396 in
1351 3337 1423 3398 VIII

378 3422 446 3482 AEn.
467 3423 527 3501 Περὶ
546 3420 680 3503 tamtan
698 3429 788 3494 λέξεων
809 3429 866 3490 ἦτοι
883 3434 1066 3512 βλασφημιῶν,
1089 3439 1133 3493 καὶ
1151 3439 1233 3496 πόθεν
1251 3439 1365 3514 taem,
1387 3440 1423 3502 de

377 3520 492 3586 vocibus
509 3520 583 3582 mali
599 3524 705 3586 ominis
720 3529 778 3588 sim
795 3528 969 3608 maledictis,
986 3547 1016 3594 et
1033 3536 1109 3596 ande
1125 3559 1318 3622 quacunque,
1334 3540 1419 3601 Suid.

376 3639 408 3686 et
421 3621 556 3706 Etymol.
567 3625 600 3682 in
614 3626 791 3710 ἀμχολίπαμος.
805 3637 865 3714 Πιρὶ
881 3619 986 3713 ῥώμης,
1004 3639 1047 3693 καὶ
1063 3643 1113 3695 τῶν
1129 3641 1156 3695 is
1168 3642 1232 3718 αὐτῇ
1249 3641 1360 3719 νομίμων
1376 3646 1421 3700 καὶ
1534 3669 1537 3676 ·

377 3730 463 3802 tam,
477 3726 512 3786 de
522 3727 618 3785 Roma
630 3724 747 3809 ejusque
758 3732 890 3794 institutis
900 3748 929 3794 et
940 3734 1078 3810 moribus,
1087 3735 1159 3797 libri
1171 3740 1213 3815 II,
1222 3739 1304 3800 Suid.
1312 3741 1348 3800 In
1355 3740 1419 3802 hoc

376 3851 471 3911 opere
482 3827 622 3889 fortassis
634 3829 803 3894 tradiderat
814 3837 1032 3919 etymologiam
1044 3843 1129 3900 vocis
1141 3841 1306 3923 triumphi,
1322 3863 1417 3925 quam

375 3929 587 4016 eTranquillo
596 3929 686 3993 affert
694 3935 845 4015 Isidorus,
857 3941 969 4016 XVIII,
979 3962 1012 4016 n,
1025 3942 1199 4023 Originum.
1213 3947 1342 4023 Στέμματι
1359 3929 1417 4003 ῥω-

372 4030 455 4112 palm
471 4031 617 4109 ἐπισήμων,
635 4034 813 4114 Stemmata,
825 4042 890 4101 sive
904 4040 1089 4125 Genealoqioe
1104 4043 1258 4106 illustriam
1269 4050 1417 4111 Romano·

374 4159 456 4215 rum,
477 4136 562 4199 Suid.
583 4136 660 4199 tttrt
675 4140 726 4201 III
741 4140 775 4203 de
793 4141 928 4226 Rapidus,
948 4165 1026 4227 quos
1044 4149 1183 4209 carmine
1202 4151 1235 4208 iu
1253 4153 1415 4232 epitomen
