3036 5124
479 519 728 586 uxcnnsus
754 523 778 583 1.
1072 521 1145 602 sm

109 654 234 705 Maximus
246 649 349 722 aliquot
366 650 442 702 sunit
454 646 561 700 demum
576 661 638 719 post
661 645 845 712 consulatum,
861 649 949 718 quiin
964 651 996 702 Α.
1010 653 1042 704 U.
1059 654 1154 709 DCXX

0 725 6 746 ξ’
110 731 216 795 incidit,
231 745 262 782 ut
275 730 440 782 demonstrat
450 731 494 780 Fr.
505 726 650 780 Balduinus
662 728 689 778 in
700 723 914 804 Juriqprutlentia
927 728 1034 796 Mucia,
1045 749 1108 806 pag.
1120 737 1155 790 63

0 806 1 825 ¹
111 811 149 862 ed.
166 810 226 864 ilai.
242 811 332 878 Quare
346 827 409 860 vero
426 810 540 860 omissus
556 807 601 859 ille
616 825 675 859 mos
692 819 748 858 tum
759 806 856 873 suerit,
870 804 942 860 haud
959 812 1081 881 equidem
1093 825 1156 876 satis

1 885 16 913 “'
109 893 176 944 scio:
192 910 279 962 nequc
296 905 385 943 tamen
402 909 457 942 rem
473 889 551 941 nimis
566 906 581 939 a
596 906 659 940 vero
674 887 860 939 abhorrentem
875 887 985 957 dixerit,
1004 896 1050 965 qui
1062 912 1155 970 putet,

0 963 15 982 ’
109 971 236 1025 tumultus
253 973 408 1036 intestinos,
428 970 474 1042 qui
494 983 550 1021 tum
568 969 656 1020 Romae
674 969 799 1033 fuerunt,
818 979 875 1020 tum
891 969 960 1022 forte
975 975 1052 1028 etium
1071 980 1154 1037 civilis

0 1059 1 1062 ’
109 1052 185 1118 belli,
201 1053 276 1124 quod
293 1053 360 1104 inter
371 1052 485 1103 Marium
503 1064 529 1101 et
544 1047 641 1101 Sullam
657 1061 760 1118 gestum
778 1062 832 1115 est,
850 1047 942 1104 turbas
957 1049 1020 1106 huic
1034 1059 1153 1116 instituto

1 1446 16 1468 '‘
110 1464 212 1503 nerent.

109 1135 197 1202 prisco
216 1133 294 1186 linem
311 1131 438 1184 attulisse.
455 1129 523 1182 Illud
539 1147 624 1201 prope
641 1141 741 1181 certum
754 1127 876 1195 arbitror,
891 1131 1018 1185 Caesarem
1031 1155 1155 1196 revocare

110 1214 137 1263 in
157 1213 379 1266 consuetudinem
396 1209 511 1264 voluisse
530 1210 660 1261 rationem
679 1208 797 1280 aliquam
815 1213 949 1262 memoriae
965 1213 1077 1283 publice
1095 1226 1155 1277 reti.

103 1291 219 1358 nonde,
233 1310 345 1364 eamque
359 1289 393 1343 cb
409 1307 531 1342 caussam
545 1301 663 1340 actorum
682 1287 795 1340 Senatus
811 1301 837 1340 et
851 1288 944 1364 populi
962 1294 1156 1357 confectionem

111 1369 374 1441 publicationemque
388 1370 546 1435 instituisse,
562 1379 592 1418 et
605 1385 636 1419 ca
646 1363 789 1420 Annalium
801 1368 975 1422 maximorum
987 1369 1075 1428 locum
1087 1377 1158 1434 obsi.

146 1529 250 1598 Quodsi
260 1529 404 1599 jamtum,
421 1543 504 1598 quum
515 1525 581 1577 illud
593 1523 736 1578 Annalium
750 1542 799 1596 per
812 1525 964 1580 Pontificem
979 1491 1160 1592 conficiendis

12 1605 31 1636 ¹⁶
111 1627 170 1661 rum
186 1611 336 1662 institutum
350 1607 438 1660 adbuc
454 1605 596 1670 manebat,
615 1618 674 1656 acta
692 1605 805 1656 Senatus
822 1617 848 1656 et
863 1605 957 1676 populi
973 1609 1080 1680 publice
1098 1633 1159 1686 per-

111 1691 209 1762 scripta
223 1699 285 1741 sunt
299 1711 306 1750 ;
321 1689 367 1760 qui
383 1686 427 1751 lit,
442 1695 471 1736 ut
488 1702 566 1736 nemo
584 1685 702 1736 omnium
720 1697 838 1735 veterum
853 1683 1040 1741 historicorum
1056 1707 1158 1750 ceteru-

3 1781 7 1786 ·
111 1787 226 1840 rumque
235 1769 394 1840 scriptorum
406 1769 585 1818 Romanorum
598 1766 703 1835 uspiam
715 1783 808 1816 eorum
823 1766 984 1846 mentionem
998 1772 1026 1822 in
1037 1772 1117 1826 rebus
1129 1773 1161 1828 il-

0 1872 11 1881 ¹
111 1848 201 1900 lorum
217 1862 365 1919 temporum
382 1847 498 1916 injiciat:
514 1857 545 1897 nt
561 1848 685 1916 nuspiam
702 1843 841 1917 Polybius,
855 1849 977 1918 nuspiam
992 1849 1098 1919 Livius,
1114 1869 1162 1906 aut

113 1929 271 2002 Dionysius,
290 1943 337 1979 aut
353 1926 525 1990 Plutarchus,
545 1925 638 1994 aliive,
655 1938 879 1994 commemorent,
898 1945 981 1998 quum
995 1943 1161 2003 ceterorum,

113 2011 234 2082 inprimis
247 2008 431 2081 publicorum,
445 2008 669 2058 monimentorum
682 2005 839 2058 auctoritate
851 2013 976 2062 utantur?
987 2012 1077 2080 Quid?
1089 2015 1163 2086 quc'tl

10 2101 13 2108 ’
114 2090 181 2142 nihi
196 2091 290 2144 Cicero
309 2087 425 2154 videtur,
444 2086 491 2138 illc
505 2088 533 2138 in
548 2085 626 2151 loco,
642 2085 688 2137 nbi
706 2087 832 2137 usitatum
847 2085 909 2138 olim
927 2093 1058 2145 memorie
1076 2113 1164 2148 mmm

1 2181 9 2230 ί,
113 2183 249 2239 genum
271 2166 380 2240 publice
403 2165 544 2218 retinendae
567 2163 676 2217 modum
700 2164 796 2228 refert,
820 2183 874 2216 non
898 2167 1036 2224 immemor
1057 2173 1164 2228 iuturus

63 2289 68 2312 Ι
114 2247 198 2312 sume
211 2263 348 2312 actorum,
366 2247 389 2298 si
407 2262 499 2298 eorum
514 2258 577 2298 etas
592 2248 645 2297 ista
661 2256 779 2316 tempora
796 2249 944 2318 attingeret.
961 2251 1065 2318 Quare,
1082 2271 1164 2325 quum

115 2330 190 2382 solos
202 2329 316 2382 Annales
328 2329 455 2380 maximos
466 2339 672 2393 commemoret,
689 2344 786 2396 magno
801 2343 956 2397 argumento
973 2346 1027 2397 est,
1045 2347 1104 2386 acta
1118 2336 1166 2388 Se-

5 2401 13 2452 i
116 2421 197 2462 natus
205 2422 233 2460 et
242 2407 339 2479 populi
347 2405 442 2458 diurna
453 2405 648 2478 antiquioribus
657 2405 821 2477 temporibus
831 2409 982 2479 conscripta
994 2423 1021 2462 et
1029 2412 1166 2483 publicata

116 2487 390 2620 Μὲεῗῖιῗοῖιοήωτ
401 2562 522 2635 quedam
531 2560 673 2614 difficultas
686 2579 718 2612 ex
728 2580 776 2627 eo,
791 2561 863 2633 quod
874 2565 952 2616 stiam
963 2563 1036 2618 nulle
1045 2581 1169 2622 actorum

119 2645 228 2698 illorum
240 2648 340 2698 mentio
351 2647 379 2696 in
389 2640 521 2695 veteribus
534 2640 623 2708 libris,
635 2639 721 2693 medio
733 2642 803 2693 inter
815 2642 922 2694 Caesaris
935 2643 1102 2698 consulatum
1114 2651 1169 2719 pri·

2 2727 6 2739 '
118 2743 192 2777 mum
208 2739 233 2777 et
251 2727 364 2796 Augusti
376 2724 515 2794 imperium
533 2736 669 2793 tempore,
685 2723 822 2792 reperitur.
840 2722 909 2773 Nam
927 2724 1090 2794 postillam,
1109 2746 1167 2799 que

119 2803 149 2854 fit
164 2804 194 2854 in
212 2823 243 2854 eo
257 2803 376 2856 Suetonii
390 2801 467 2868 loco,
486 2800 512 2851 in
528 2819 581 2870 quo
596 2798 758 2851 vindicando
773 2798 916 2870 disputatio
931 2815 1022 2854 nostra
1035 2819 1169 2874 versatur,

119 2885 224 2953 prima,
237 2885 259 2935 si
270 2884 397 2956 temporis
410 2880 529 2933 ordinem
540 2898 665 2952 sequare,
679 2879 812 2950 quodeqo
824 2879 930 2951 quidem
942 2884 1040 2951 sciam,
1053 2889 1169 2938 occurrit

120 2963 197 3033 apud
210 2962 339 3030 eundem,
354 2966 381 3014 in
393 2963 647 3014 commemoratione
661 2962 843 3014 institutorum
854 2965 982 3033 Augusti,
997 2965 1065 3036 Aug.
1081 2985 1104 3020 c.
1117 2968 1152 3021 35
1160 3005 1169 3034 ,

118 3042 146 3093 in
163 3043 259 3113 quibus
271 3043 349 3095 etiam
362 3042 413 3095 boe
427 3043 494 3106 tuit,
512 3061 545 3092 ue
560 3053 619 3093 aeto
632 3041 741 3093 Senatus
754 3041 959 3112 publicarentur.
972 3045 1170 3101 confectatum

120 3140 182 3175 esse
194 3134 268 3186 octa,
287 3125 350 3174 satis
364 3121 484 3175 indicant
499 3122 617 3175 Suetonii
631 3121 720 3174 verbs.
737 3121 831 3192 Neque
845 3121 914 3174 enim
932 3138 1080 3178 revocatam
1097 3141 1172 3180 acto-

120 3219 183 3253 rum
202 3199 427 3254 conficiendorum
448 3200 683 3265 consuetudinem,
704 3200 752 3252 sed
770 3200 926 3272 publicandi
947 3215 1049 3255 tantum
1070 3223 1172 3258 morem

121 3285 267 3346 omissum,
278 3282 366 3335 tradit.
377 3283 459 3353 Atqui
472 3299 521 3352 ego
533 3300 588 3332 non
600 3280 720 3333 dubitem
732 3281 882 3348 affirmare,
894 3295 1014 3334 uotorum
1026 3287 1173 3339 conlectio·

121 3380 185 3414 nem
200 3361 362 3434 aliquamdiu
377 3374 438 3415 ante
449 3361 549 3414 bellum
563 3361 670 3434 quidem
682 3360 757 3414 civile
769 3363 946 3415 intermissam
959 3363 1049 3417 luisse.
1064 3366 1174 3418 Movent

123 3460 168 3493 me
180 3442 317 3494 Ciceronis
332 3455 359 3494 et
372 3441 446 3496 Coelii
463 3441 580 3513 epistole
594 3440 667 3508 due,
684 3440 775 3512 paullo
787 3454 849 3494 ante
861 3441 960 3494 bellum
972 3442 1061 3511 civile,
1073 3443 1175 3516 aliquot

122 3521 203 3572 annis
218 3534 279 3590 post
294 3524 409 3593 primum
424 3522 532 3574 (lesam
545 3520 713 3576 consulatum
729 3524 841 3593 scriptae.
856 3523 924 3574 Nam
941 3524 968 3573 in
986 3523 1082 3590 altera,
1098 3526 1176 3591 Vlll,

126 3617 151 3666 t,
166 3599 264 3653 Coelius
277 3601 384 3668 scribit,
398 3619 426 3655 se
437 3603 559 3654 Ciceroni
575 3603 602 3654 in
615 3601 734 3654 Ciliciam
751 3603 853 3655 misisse
867 3601 1189 3656 commentariensium

123 3679 304 3747 urbanarum,
322 3697 372 3733 suo
382 3683 461 3751 jussu
475 3699 575 3752 suaque
587 3685 707 3753 impensa
717 3701 732 3734 a
742 3685 846 3754 privato
858 3679 967 3736 bomine
981 3683 1134 3737 confectosr
1149 3686 1189 3737 inv

124 3757 210 3810 altero
220 3771 308 3811 sutem
316 3797 325 3826 ,
334 3761 375 3826 ll,
390 3759 422 3827 8,
432 3761 524 3814 Cicero
537 3764 694 3833 scriptorem
706 3761 810 3814 illorum
825 3764 1076 3815 commentariorum
1089 3781 1179 3835 repre-

124 3837 234 3906 hendit,
249 3839 322 3912 qnod
336 3857 378 3894 res
391 3844 507 3913 privatas
519 3845 705 3914 minutasque,
724 3861 790 3914 quas
803 3844 870 3896 scire
883 3861 932 3896 sua
943 3841 1008 3896 nibil
1024 3843 1176 3909 interesset,
1192 3865 1194 3868 ·

124 3920 298 3988 consignarit.
316 3919 420 3988 Quodsi
432 3935 488 3973 tum
501 3939 559 3974 mos
575 3936 697 3974 actorum
709 3921 734 3975 S.
753 3923 779 3974 Ρ.
795 3923 829 3990 Q.
844 3920 1071 3977 conficiendorum
1086 3921 1177 3998 publi-
1195 3945 1197 3950 ¹

124 3996 330 4070 uundornmque
340 4000 481 4062 manebam
493 4000 556 4072 quid
568 4013 622 4067 est,
638 4001 711 4072 quod
723 4019 777 4054 non
790 4015 835 4054 aut
848 4001 947 4056 Coelius
958 4002 1014 4055 hnc
1026 4005 1116 4075 potius
1128 4001 1177 4054 de-

127 4078 228 4148 scripte
241 4077 364 4130 Ciceroni
376 4081 463 4146 misit,
481 4093 527 4132 aut
538 4081 630 4133 Cicero
646 4099 676 4132 ea
689 4079 739 4132 sibi
755 4082 823 4133 mitti
839 4081 938 4135 voluit?
954 4081 1032 4156 quid,
1048 4081 1120 4156 quod
1133 4082 1178 4134 Ci-

128 4173 207 4222 cero,
221 4173 305 4226 quum
320 4175 354 4210 ne
374 4175 404 4212 eu
425 4159 532 4231 quidem
550 4177 578 4213 se
593 4179 608 4213 a
620 4159 704 4216 Caelio
717 4163 783 4214 scire
794 4161 860 4216 velle
872 4163 978 4231 scribit,
990 4182 1047 4236 que
1060 4161 1179 4234 quotidie

128 4238 159 4286 in
172 4236 308 4309 republica
327 4238 407 4308 liam,
422 4257 542 4296 caussam
559 4239 632 4296 addit
651 4241 737 4311 hanc,
753 4243 825 4314 qnod
842 4261 874 4298 ea
892 4244 936 4296 alii
955 4242 1088 4312 scribant,
1106 4262 1179 4306 non,
