3122 5134
530 733 919 824 COLLECTANEA*

701 961 742 1006 DE

286 1159 508 1285 VITA
563 1165 675 1285 ΕΤ
733 1161 1152 1290 SCRIPTIS

378 1434 652 1528 sunrouu
682 1435 1058 1546 calnomum,

229 1677 263 1714 xx
282 1665 382 1716 Asosu
400 1666 534 1718 Pomanus
552 1683 579 1719 m
598 1682 666 1719 ausc
685 1665 849 1718 Sanrmonnn
866 1669 1033 1719 Pnarmnuu
1051 1682 1207 1721 sommare

657 1763 782 1800 omnum.

227 2359 265 2418 G.
286 2359 456 2419 Sumosuus
475 2356 676 2439 Tranquillus
699 2369 823 2439 patrem
846 2353 956 2416 habuit
979 2357 1162 2417 Suetonium
1185 2358 1244 2421 Le-

187 2465 301 2538 nem¹,
327 2461 425 2520 tertiae
450 2458 580 2520 decimae
602 2456 734 2540 legionis
755 2457 840 2520 bello
863 2458 1045 2520 Othoniano
1068 2457 1243 2521 Tribunum

189 2560 462 2642 angusticlavium.
486 2564 582 2622 Natus
608 2577 654 2622 est
677 2564 761 2622 circa
783 2563 873 2621 initia
894 2563 1018 2643 imperii
1039 2563 1244 2644 Vespasiani:

188 2681 264 2722 nam
285 2664 343 2722 XX
363 2665 454 2723 annis
475 2682 494 2723 a
514 2677 614 2723 morte
634 2665 766 2723 Neronis
781 2661 1029 2736 adolescentem,
1049 2664 1122 2722 item
1143 2665 1244 2745 impe·

187 2779 278 2825 rante
294 2765 479 2826 Domitiano
495 2765 766 2827 adolescentulum
781 2786 813 2825 se
832 2768 898 2846 ipse
918 2767 1088 2825 nominat².
1105 2763 1244 2846 Adeptus

188 2879 255 2926 erat
271 2880 304 2927 et
320 2869 388 2948 ipse
405 2865 600 2927 tribunatum
618 2865 770 2940 militum;
786 2866 840 2927 sed
855 2865 989 2926 contulit
1000 2867 1106 2925 statim
1121 2869 1152 2924 in
1169 2888 1243 2948 pro·

188 2969 345 3050 pinquum
357 2989 448 3028 suum
461 2969 658 3029 Caesennium
672 2967 829 3028 Silvanum
837 2962 862 3027 ³.
874 2969 948 3027 Post
959 2967 1108 3047 Magister
1117 2967 1244 3048 Episto-

187 3067 289 3130 larum
309 3073 510 3152 imperatoris
537 3071 685 3147 Adriani,
711 3093 749 3132 eo
770 3071 892 3131 bonore
914 3071 1053 3152 privatus
1072 3082 1135 3144 est,
1158 3068 1243 3151 quod

187 3172 272 3254 apud
297 3171 445 3234 Sabinam
467 3175 623 3257 Principis
645 3196 773 3235 uxorem
797 3173 981 3234 familiarius
1004 3190 1126 3252 egerat,
1149 3191 1242 3254 quam

187 3276 363 3335 reverentia
378 3274 490 3336 domus
504 3277 613 3337 aulicae
628 3273 840 3359 postulabatl.
856 3276 1094 3336 Matrimonium
1110 3276 1170 3356 ipsi
1187 3294 1243 3358 pa·

186 3397 259 3436 rum
278 3374 371 3453 felix,
392 3381 459 3438 sine
478 3377 606 3439 liberis:
630 3399 725 3461 quare
749 3379 973 3439 intercessione
994 3375 1086 3436 Plinii
1107 3376 1243 3457 junioris

182 3481 236 3560 jus
251 3483 345 3568 trium
358 3479 530 3541 liberorum
543 3479 583 3542 ab
596 3484 785 3563 imperatore
798 3480 933 3562 Trajano
946 3475 1112 3541 obtinuit⁵.
1127 3481 1245 3539 Praeter

185 3583 275 3642 Vitas
299 3582 466 3644 duodecim
490 3585 647 3644 Caesarum
671 3585 768 3666 (quas
792 3598 863 3644 octo
885 3581 973 3644 libris
996 3585 1039 3642 ita
1060 3580 1242 3664 complexus

184 3697 248 3759 est,
262 3701 298 3746 ut
310 3685 470 3768 prioribus
482 3708 536 3748 sex
549 3686 665 3768 singuli
676 3689 899 3769 Imperatorem
915 3686 1050 3766 septimo
1063 3682 1242 3745 solstitiales

224 3893 234 3916 ⁸
252 3898 314 3948 naec
332 3915 364 3948 ex
380 3895 422 3949 ed.
438 3897 691 3968 Bipont.'reddenda
735 3895 806 3968 gula,
816 3915 839 3948 c.
855 3914 901 3968 19,
911 3909 930 3946 t.
941 3897 977 3960 11,
988 3915 1014 3966 p.
1030 3893 1072 3960 25,
1084 3892 1125 3945 ed.
1135 3909 1239 3947 nostre.

184 3977 352 4041 curavimus,
369 3979 489 4028 notitiam
503 3967 643 4030 liter-ariam
658 3975 691 4028 de
774 3997 797 4030 2.
817 3980 931 4030 Neronis
944 3996 1002 4048 cap.
1017 3974 1065 4028 ult.

183 4055 328 4123 Suetonio,
340 4071 371 4109 ut
384 4055 550 4128 prolixiorem
561 4077 610 4130 pro
621 4070 689 4108 nost.
772 4060 798 4111 3.
818 4059 859 4110 Cf.
871 4057 936 4108 Plin.
948 4059 1030 4126 Epist.
1045 4057 1092 4121 ill,
1104 4055 1129 4108 8.

183 4134 249 4188 edit.
259 4138 688 4209 ratione,praemitterenoiuimus.
773 4137 797 4203 (4.
824 4135 918 4188 AElian.
938 4136 1068 4206 Spartian.
1087 4134 1115 4185 in
1131 4133 1240 4186 adrian.

226 4233 249 4267 t.
268 4214 328 4268 Vid.
342 4219 430 4269 Vitam
446 4216 560 4270 Othonis
575 4237 633 4291 cap.
650 4234 689 4276 to.
736 4236 795 4288 cap.
814 4232 854 4269 Η.

182 4300 234 4350 Avi
251 4301 292 4352 sui
311 4301 470 4352 mentionem
490 4299 553 4352 facit
571 4301 599 4351 in
618 4299 689 4352 Cali-
773 4295 797 4347 5.
820 4293 883 4346 Plin.
898 4295 981 4365 Epist.
995 4293 1031 4358 X,
1043 4290 1085 4359 95.
