3026 5122
397 569 458 656 145
788 566 1038 634 nxcunsus

387 686 462 769 qu’il
480 685 570 748 fesait
587 684 630 744 les
647 683 757 744 de'lires
773 693 804 742 et
821 680 850 742 le
869 679 1014 743 bonheur
1027 681 1066 742 de
1079 682 1193 756 Rome,
1211 681 1280 742 c'est
1292 701 1347 762 qne
1359 681 1410 744 l'un

386 786 470 848 avait
483 804 520 845 su
534 783 636 844 flarter
649 779 788 862 l'orgneil
803 780 846 840 du
860 782 963 856 senat,
977 801 1016 840 en
1033 777 1202 840 humiliant
1216 778 1246 840 le
1261 779 1376 862 pcuplc3
1387 795 1411 839 et

385 902 447 962 que
460 879 583 953 laune,
598 897 638 938 en
657 877 812 938 devenant
829 875 858 936 le
873 877 945 959 pere
958 876 1002 938 dn
1020 875 1148 960 peuple‚
1168 876 1252 936 avait
1267 873 1312 937 ete
1327 875 1354 936 le
1369 875 1410 936 rle·

385 989 539 1040 structcur
549 975 588 1035 de
601 973 754 1034 l’autorite'
766 973 810 1034 du
823 975 946 1034 mnae„
967 975 1013 1034 De
1029 974 1180 1056 Pompeio
1194 971 1285 1034 facile
1299 993 1409 1034 consen·

384 1075 497 1148 timus3
518 1073 573 1152 qni
591 1069 725 1152 gloriam
744 1070 867 1132 obtinet
886 1072 920 1130 in
940 1091 978 1131 eo
999 1071 1155 1153 precipue
1171 1070 1318 1152 positam,
1340 1071 1410 1154 quad

383 1190 483 1252 quum
496 1167 696 1252 patriciorum
711 1179 813 1249 partes
827 1168 861 1228 in
875 1168 1059 1228 rivalitatem
1071 1169 1200 1229 Cereris
1210 1167 1304 1229 fuerit
1312 1169 1409 1251 ample·

383 1286 457 1341 xus,
472 1263 505 1326 hi
519 1263 737 1326 circumlatum
751 1263 923 1324 defensoris
936 1285 1071 1340 nomen,
1086 1265 1145 1326 sub
1160 1277 1264 1326 mente
1281 1267 1337 1328 sibi
1350 1287 1409 1326 con·

382 1363 581 1440 tradicentes‚
597 1362 748 1444 religione
762 1361 897 1443 quadam
918 1382 1096 1424 consecrare
1110 1362 1297 1426 voluerunt:
1311 1363 1409 1424 factum

382 1483 455 1524 vero
468 1462 592 1544 gravius
604 1461 669 1544 ipsa
680 1459 855 1542 conjuratio
867 1463 996 1536 exstitit,
1008 1469 1103 1543 quam
1117 1473 1151 1522 ut
1160 1463 1361 1545 praecipitanti
1369 1461 1408 1544 ju·

381 1560 463 1622 dicio
476 1561 540 1622 sive
554 1561 769 1634 Marmoreae,
784 1558 846 1618 sive
859 1558 1082 1635 Mouerurnu
1098 1561 1219 1621 veritati
1235 1563 1360 1644 propius
1371 1581 1409 1620 ac·

379 1661 500 1722 cessisse
512 1657 572 1720 dici
583 1659 681 1740 possit
693 1680 700 1715 :
716 1668 747 1718 at
761 1655 849 1718 nullo
859 1655 953 1718 fuisse
965 1671 1067 1718 motos
1080 1657 1229 1720 libertatis
1241 1679 1343 1720 amore
1352 1663 1409 1720 Bru

380 1771 448 1818 tum
462 1769 493 1816 et
506 1755 645 1814 Cassium
662 1773 761 1833 quum
777 1754 892 1814 Caesari
910 1765 1043 1814 mortem
1059 1753 1264 1830 destinarent,
1280 1757 1409 1837 usquein

381 1855 479 1936 patria
497 1850 659 1912 liberanda
676 1863 799 1910 tantum
818 1851 914 1931 ipsius
935 1850 1122 1932 Reipublicae
1144 1850 1248 1927 bono,
1274 1865 1409 1934 quantum

379 1952 508 2034 privatae
520 1961 642 2010 senatus
655 1946 782 2008 utilitati
794 1947 983 2008 consuluisse
997 1968 1066 2023 eos,
1085 1946 1146 2010 hoc
1164 1969 1357 2032 nequaquam
1368 1948 1409 2008 ad·

379 2050 487 2122 mitto3
505 2059 537 2108 et
550 2047 584 2106 in
600 2044 659 2106 hoc
674 2045 891 2120 Minucium,
911 2047 936 2106 si
953 2060 1032 2106 recte
1048 2046 1133 2107 citati
1146 2046 1208 2107 loci
1224 2061 1358 2108 mentem
1371 2067 1409 2107 ca·

378 2147 450 2226 pio,
465 2164 579 2206 errasse
592 2139 671 2204 milri
684 2140 815 2202 videtur.

419 2244 455 2304 ln
470 2241 566 2302 alium
580 2259 733 2310 errorem,
752 2259 792 2300 ne
805 2239 932 2321 proprio
947 2239 1100 2300 vocabulo
1116 2242 1163 2300 uti
1180 2237 1327 2318 velimus,
1344 2241 1409 2300 inri-

379 2338 424 2400 dit
438 2336 571 2399 Gallicus
585 2335 637 2398 ille
651 2336 694 2396 rei
707 2335 850 2398 literariae
864 2336 1021 2417 magister,
1039 2337 1093 2416 qui
1107 2356 1173 2396 non
1186 2337 1297 2398 eadem
1310 2337 1408 2418 ubique

350 2443 355 2454 '
377 2435 595 2498 fortunarum
614 2434 773 2516 praeceptis
791 2433 929 2516 exempla
948 2434 1133 2516 conjunxitr
1155 2437 1409 2517 comparationem

377 2534 463 2608 dico,
475 2553 571 2615 quam
582 2531 699 2594 infelici
712 2533 822 2592 mentis
834 2533 1035 2594 contentione
1046 2533 1127 2592 inter
1137 2533 1292 2594 Caesarem
1301 2546 1331 2594 et
1339 2534 1409 2593 llen·

376 2634 478 2694 risum
491 2633 533 2692 1v
554 2629 774 2692 instituendam
793 2630 973 2711 excogitavit
990 2631 1035 2690 La
1053 2629 1178 2707 linars,
1199 2631 1329 2692 Caesaris
1344 2633 1409 2692 vn·

377 2729 545 2810 subjectam
565 2728 765 2807 (Traduction
784 2727 819 2788 dc
839 2729 989 2807 Suetone).
1013 2729 1107 2790 Plura
1121 2729 1306 2812 parantibus
1319 2727 1409 2812 ample

374 2827 457 2888 foret
471 2825 684 2907 objectationis
698 2829 843 2899 materia;
857 2847 974 2908 neque,
989 2829 1155 2889 certamine
1167 2831 1314 2891 cominus
1325 2831 1410 2904 inito,

375 2921 484 2982 saltem
494 2942 529 2982 ex
539 2921 593 2983 illo
599 2925 699 2984 victor
707 2923 863 2986 excederet
871 2935 918 2984 tot
926 2924 1109 3006 agonalibus
1117 2923 1229 3006 palmis
1237 2926 1361 2987 inflatus
1369 2923 1410 2984 lric

375 3019 468 3078 Pindi
483 3018 692 3102 cujuscunque
704 3021 884 3083 dictatorius
900 3022 1025 3083 arbiter.
1044 3024 1252 3084 Commissum
1265 3025 1349 3086 enim
1363 3043 1410 3083 no·

372 3115 436 3176 bile
448 3116 588 3178 virorum
602 3139 659 3199 per
670 3130 734 3178 tam
745 3118 829 3196 laxa,
845 3131 911 3180 tem
925 3121 1042 3182 incerta
1053 3121 1209 3204 probandi
1220 3119 1324 3184 forma
1335 3122 1411 3183 susti·

372 3222 440 3288 net,
451 3224 486 3272 ut
495 3211 533 3272 de
543 3214 647 3274 ceteris
657 3214 817 3295 quibusvis
827 3215 963 3298 ejusdem
975 3215 1067 3278 fama
1079 3218 1263 3280 nominibus
1274 3221 1341 3302 ipsa
1352 3217 1410 3299 qui·

373 3308 430 3368 bus
442 3308 553 3379 nititur
569 3310 725 3391 aptissime
740 3311 871 3374 valeant.
886 3313 1016 3390 Quodsi
1029 3315 1076 3376 vel
1089 3315 1190 3376 obiter
1204 3337 1271 3376 rem
1286 3317 1410 3397 attinga-

373 3426 460 3481 mus,
477 3405 713 3469 similitudinem
731 3410 890 3472 inductam
907 3411 1083 3495 disparibus
1100 3434 1226 3497 prorsus
1242 3416 1304 3476 sibi
1320 3414 1411 3476 modis

304 3567 309 3574 ,
372 3501 527 3564 adversari
541 3515 735 3585 compertum
748 3507 821 3582 erit,
836 3528 934 3588 quum
950 3529 987 3570 ex
1003 3510 1097 3571 altera
1108 3523 1196 3593 parte
1209 3513 1362 3574 &sarem
1373 3511 1411 3569 vi·

369 3599 654 3682 deamus,publicar
663 3600 973 3666 libertatisarmatum
980 3605 1156 3684 hostem,et
1165 3609 1318 3691 Pompeio
1329 3607 1410 3670 rivali

368 3698 509 3778 quodam
524 3697 590 3759 lato
608 3709 779 3774 serratum,
796 3713 831 3760 ut
843 3704 1030 3785 occupandae
1042 3705 1152 3788 praedae
1165 3691 1411 3788 magnitudinem

367 3794 550 3875 pervulgata
561 3795 801 3878 competitorum
812 3798 971 3862 celebritas
984 3801 1171 3885 adaequaret3
1183 3825 1219 3864 ex
1229 3804 1327 3866 altera
1336 3807 1411 3866 Hen-

304 3921 308 3928 ·
367 3887 483 3968 mcum,
497 3889 603 3970 gladio
616 3891 668 3973 jus
682 3911 775 3954 suurn
793 3909 1007 3978 exsequentem
1023 3911 1054 3960 et
1068 3901 1194 3984 incoepti
1212 3904 1410 3982 generositate

366 3982 532 4046 confisum:
541 3986 629 4070 cujus
639 3999 786 4050 autemex
795 3987 975 4053 adversariis
983 3994 1078 4072 abest,
1086 4009 1123 4057 ut
1131 3995 1281 4058 adductus
1288 3999 1410 4059 andte

363 4077 472 4141 eadem
482 4101 545 4162 qua
556 4085 721 4168 Pompeius
733 4083 944 4166 emulatione,
955 4092 1029 4152 victi
1041 4097 1226 4156 memoriam
1237 4117 1311 4157 cum
1320 4098 1409 4156 victo·

363 4177 407 4236 ris
419 4175 522 4256 gloria
533 4182 648 4261 pariter
656 4183 851 4266 pensandam
862 4189 1059 4252 commiscere
1073 4194 1201 4256 meritus
1213 4194 1261 4254 sit.
1276 4193 1315 4254 ln
1327 4213 1409 4255 arno·

362 4292 410 4334 τε·
424 4273 576 4336 Heuricus
591 4280 736 4357 pronior,
754 4280 806 4342 sed
821 4282 941 4364 pudicae
953 4286 1078 4350 demum
1090 4291 1220 4352 Veneris
1236 4293 1315 4352 ritus
1332 4310 1408 4352 nur·
