3036 5128
525 517 561 581 C.
587 519 618 582 J.
644 517 813 586 CAESAR.
1147 505 1191 582 33

147 673 229 716 nece
251 647 466 715 sollicitatum
483 669 504 711 a
522 643 727 740 quibusdam
747 643 975 736 profiteretur,
996 642 1195 736 productus·

146 784 215 854 que
235 782 297 850 pro
315 759 444 824 Rostris
457 771 612 823 auctores
631 779 673 822 ex
689 765 896 847 ¹⁹compacto
915 757 1119 822 nominaret:
1136 755 1195 824 sed

147 895 219 937 uno
233 886 335 963 utque
353 868 459 934 altero
477 867 603 934 frustra
616 889 679 934 nec
698 869 769 934 sine
790 869 979 958 suspicione
997 864 1125 934 fraudis
1139 890 1196 932 no·

148 982 285 1046 minatis
294 1031 302 1060 ,
312 977 496 1069 desperans
505 993 576 1043 tem
586 977 766 1068 praecipitis
776 974 905 1044 consilii
915 994 1087 1058 eventum,
1101 979 1197 1043 inter-

149 1094 280 1184 cepisse
289 1099 315 1128 ²⁰
330 1113 461 1157 veneno
476 1087 621 1155 indicem
635 1086 792 1155 creditur.

197 1208 285 1270 XXI.
307 1199 375 1269 Sub
385 1199 473 1268 idem
483 1215 617 1292 tempus
627 1199 859 1293 Calpurniam,
871 1205 907 1266 L.
921 1202 1063 1266 Pisonis¹
1077 1198 1196 1282 filiam,

151 1314 343 1382 successuri
364 1311 426 1379 sibi
445 1314 479 1378 in
498 1311 691 1395 consulatu,
714 1309 811 1378 duxit
831 1334 992 1377 uxorem:
1014 1335 1197 1405 suamque,

151 1431 170 1494 J
174 1423 296 1505 uliam,
312 1427 371 1490 Cn.
386 1424 545 1514 Pompeio
557 1412 748 1504 collocavit,
763 1420 939 1513 repudiato
950 1422 1061 1511 priore
1074 1443 1199 1512 sponso

152 1533 312 1602 Servilio²
326 1534 499 1624 Caepione,
519 1529 617 1624 cujus
632 1531 686 1599 vel
700 1535 871 1625 praecipua
885 1554 988 1622 opera
1006 1528 1108 1621 peulo
1121 1547 1199 1597 ante

153 1641 312 1710 Bibulum
326 1644 591 1734 impugnaverit.
606 1648 652 1708 Ac
666 1658 744 1734 post
757 1665 879 1708 novom
894 1641 1092 1708 affinitatem
1106 1645 1200 1708 Pom·

154 1755 270 1846 peium
280 1749 447 1844 primum3
459 1775 577 1843 rogere
587 1756 788 1820 sententiam
798 1755 912 1843 coepit,
926 1775 1033 1844 quum
1041 1755 1199 1819 Crassum

153 1863 297 1945 soleret,
316 1878 471 1958 essetque
490 1862 715 1945 consuetudo,
735 1881 790 1944 ut,
810 1887 912 1956 quem
929 1862 1082 1929 ordinem
1100 1865 1201 1930 inter-

154 2088 290 2141 dntionem
310 2090 399 2141 Ursini
415 2103 572 2160 receperunt
593 2089 658 2141 Bur·
701 2091 741 2143 Cf.
752 2091 812 2140 Ern.
823 2089 896 2142 Clsr.
905 2088 958 2140 Cic.
970 2088 1102 2142 Successit
1110 2089 1203 2144 Cesari

155 2186 246 2220 mann.
263 2183 289 2220 et
302 2170 365 2219 Em.
380 2167 507 2232 Codices,
523 2169 656 2220 inductum
702 2188 762 2220 cum
775 2169 807 2219 d.
819 2167 950 2233 Gabinio,
962 2169 993 2219 A.
1007 2169 1039 2219 U.
1052 2168 1112 2237 696.
1124 2172 1202 2222 -In

152 2246 282 2318 premiis,
290 2255 332 2309 ut,
343 2258 393 2298 etc.
404 2245 448 2296 ubi
456 2245 659 2317 essetsupplen-
702 2248 879 2314 consulatum,
889 2265 939 2318 pro
948 2248 977 2299 in
985 2246 1121 2300 consulatu
1131 2267 1162 2302 ex
1170 2250 1203 2301 el.

155 2323 658 2397 dumquemdam(indrwtumquemdem
702 2328 776 2380 MSS.
789 2325 943 2399 prreplacuit
955 2327 1025 2378 oud.
1038 2339 1064 2378 et
1075 2327 1179 2379 Ruhnlr.

153 2403 283 2476 premiis,
296 2414 339 2470 ut,
352 2405 421 2474 etc.)
433 2404 506 2474 quod
518 2404 591 2456 addit
603 2404 658 2458 lllS.
740 2426 765 2460 n.
780 2405 897 2460 Seruilio
910 2406 1040 2478 Cepione,
1054 2409 1098 2458 cui
1109 2409 1206 2478 promi·

156 2501 226 2535 unus
238 2481 311 2534 hand
323 2481 403 2534 dubie
415 2502 429 2534 e
442 2483 546 2551 glossa,
558 2485 660 2536 omnis·
703 2488 737 2538 sit
748 2488 888 2556 Pompeius
900 2503 975 2537 snum
989 2486 1081 2551 lilium,
1093 2487 1206 2558 despon-

155 2579 211 2632 que
225 2561 388 2612 constructio
403 2573 536 2631 regeretur
551 2581 566 2612 e
577 2561 660 2613 credi·

155 2653 200 2693 tur
209 2642 237 2690 in
248 2639 300 2691 fine
316 2659 374 2710 cop.
389 2639 530 2693 durissima
542 2659 606 2692 sene
621 2659 660 2692 ra·

156 2720 251 2783 done,
269 2721 386 2790 vensis
400 2737 458 2770 eom
475 2720 560 2790 ipsum
574 2719 657 2772 Codd.

157 2799 314 2868 scripturum
328 2799 477 2852 Gronovius
493 2811 520 2850 et
535 2799 658 2852 Oudend.

156 2879 297 2930 retineant.
307 2877 396 2930 Verba
405 2877 523 2929 Suetonii
533 2896 611 2930 nemo
622 2897 660 2930 re·

155 2958 274 3010 stituerit
287 2958 343 3009 sine
355 2957 479 3010 subsidiis
496 2957 583 3008 adhuc
595 2960 660 3009 irre-

155 3037 250 3108 pertls.
268 3037 307 3088 De
324 3041 412 3088 Vettio
429 3055 469 3088 res
488 3051 557 3089 certa
576 3050 660 3090 estex

155 3119 219 3186 ipso
238 3115 386 3183 Cicerone,
405 3115 440 3168 ed
455 3118 534 3168 Attis.
551 3117 597 3182 11,
609 3116 660 3182 ²43

155 3213 209 3266 pro
230 3193 301 3246 Sext.
322 3193 376 3257 63,
398 3195 426 3245 in
440 3193 530 3246 Vatin.
548 3211 595 3256 1⁰3
616 3195 661 3265 qui

156 3292 265 3326 omnem
281 3273 387 3345 culpem
406 3275 434 3325 in
447 3275 581 3326 Vatinium
593 3291 660 3324 con-

151 3357 231 3427 jicit,
248 3372 303 3424 quo
316 3366 402 3406 umen
416 3355 590 3406 instrumento
606 3367 663 3406 ten·

156 3447 217 3486 tum
228 3432 315 3484 Caeser
327 3431 460 3484 utebatur.
474 3432 543 3484 Plut.
557 3432 584 3484 in
597 3433 660 3484 Luc.

154 3515 245 3567 etDio
257 3513 391 3566 Ciceronis
399 3513 562 3566 obtrectator
571 3532 663 3584 perpe·

156 3610 222 3648 tuus
232 3593 302 3644 idem
314 3593 478 3644 confirmant.
490 3593 613 3646 Ceterum
623 3591 663 3642 di-

157 3691 253 3726 rersus
264 3671 309 3724 hic
319 3674 420 3726 Vettius
432 3671 466 3722 ab
476 3690 523 3737 eo,
536 3673 582 3743 qui
595 3691 617 3724 c.
633 3687 661 3739 ¹7

157 3766 394 3806 commemoretur.

194 3851 238 3902 ¹9-
249 3834 292 3884 Es
297 3845 446 3903 compacto,-
455 3834 589 3884 communi
597 3832 665 3882 freu-

155 3915 211 3974 de;
224 3931 291 3983 quos
300 3902 477 3964 nominandos
485 3913 558 3982 pacti
567 3927 659 3966 erent..

198 4010 242 4044 no.
253 3991 531 4062 Intercepirseveneno.
542 3991 625 4042 Cicer.
637 3991 663 4041 in

155 4073 252 4126 Vatin.
264 4087 323 4139 cap.
336 4066 529 4134 mutemini
537 4087 551 4118 n
559 4069 664 4118 Vatinio

153 4151 281 4204 cervices
293 4150 438 4199 incarcere
450 4146 522 4198 dicit.

194 4229 270 4280 xxt.
298 4243 320 4278 ι.
345 4227 374 4276 L.
400 4227 506 4279 Pisonis.
529 4226 666 4278 Caesonini.

278 4323 305 4385 Ι.

704 2579 786 2618 satem
796 2568 893 2636 Enusto
904 2565 980 2616 Sullre
990 2565 1043 2615 filio
1058 2565 1204 2635 (Plutarch.

704 2643 1205 2716 Pompadp;Dio,XXXVlll,9.)Vide

704 2724 739 2776 sd
752 2738 810 2795 sept
825 2740 866 2792 ²7*

740 2803 765 2854 3.
796 2802 916 2852 Primum
935 2819 1025 2873 repere
1040 2805 1203 2856 sententiam.

705 2883 744 2932 De
759 2893 816 2931 totu
834 2878 1028 2932 consuetudine
1046 2883 1157 2952 rogandi
1178 2885 1204 2934 in

705 2962 802 3014 Senatu
810 2961 969 3027 sententies,
984 2979 1108 3032 novoque
1120 2963 1205 3015 Cesu-

706 3041 741 3092 ris
753 3041 890 3104 instituto,
904 3038 963 3090 vide
976 3038 1042 3090 Gell.
1056 3041 1102 3104 lV,
1121 3057 1166 3105 to,
1181 3053 1207 3092 et

705 3119 780 3182 xlv,
795 3136 827 3187 7,
843 3117 912 3168 unde
926 3130 1017 3188 patet,
1036 3119 1150 3188 primum
1164 3139 1208 3171 ro-

706 3199 762 3269 gari
778 3197 944 3248 consuevisse
960 3197 1106 3270 principem
1124 3200 1208 3252 Sena-

708 3287 759 3344 tus,
773 3276 814 3328 vel
831 3289 892 3346 post
905 3276 1012 3327 comitis
1030 3277 1149 3330 Consules
1162 3278 1208 3328 ‹le-

706 3355 820 3428 sipnutos
831 3353 906 3425 (vide
916 3371 965 3405 nos
974 3353 1008 3405 sd
1018 3355 1122 3407 Sallust.
1131 3357 1207 3408 Catil.

709 3435 821 3500 50,not.
835 3451 879 3499 ru,
889 3452 951 3504 pag.
965 3433 1027 3504 79),
1041 3435 1096 3500 vel,
1109 3436 1154 3486 ubi
1165 3455 1209 3486 ex-

708 3526 747 3565 tre
759 3511 880 3564 ordinem
891 3526 1017 3584 quereret
1030 3513 1142 3580 Consul,
1152 3514 1209 3565 nul-

709 3593 762 3644 lurn
773 3605 860 3644 tumen
871 3591 1021 3658 elium,niri
1027 3593 1075 3664 qui
1081 3591 1210 3645 consideo-i

710 3669 766 3723 loco
773 3671 874 3741 fuisset.
891 3673 984 3741 Neque
997 3674 1111 3742 primum
1126 3673 1210 3724 &ss-

710 3769 764 3800 rent
772 3748 904 3818 vulgarem
916 3749 1035 3802 ordinem
1046 3752 1211 3818 immutasse,

710 3828 789 3880 docet
805 3830 860 3880 Ην.
872 3828 911 3893 V,
927 3846 973 3894 20,
989 3827 1033 3880 ubi
1053 3831 1079 3880 P.
1094 3831 1211 3883 Licinius

711 3910 811 3979 primus
820 3907 928 3969 dixisse,
937 3927 951 3958 a
960 3908 1014 3960 lilio
1022 3910 1213 3980 interrogatus,

711 3987 831 4040 truditur.
849 3987 928 4039 Plura
945 3985 978 4038 de
993 3985 1087 4040 ordine
1102 3991 1211 4061 rogandi

712 4067 856 4118 sententies
870 4083 956 4134 quere
973 4064 1044 4135 apud
1064 4066 1137 4118 Puul.
1155 4069 1213 4119 Me-

712 4158 768 4198 nut.
782 4145 815 4196 de
831 4146 928 4197 Senatu
946 4145 1021 4196 llum.
1039 4163 1064 4196 c.
1082 4145 1097 4195 8
1117 4146 1213 4216 (Thes

712 4225 794 4276 Grrev.
811 4238 873 4275 torn.
888 4228 912 4287 l,
924 4243 983 4294 pag.
997 4225 1072 4296 919).

966 4339 968 4348 ’
1053 4321 1070 4382 3
