3040 5118
369 532 528 596 ocmv.
555 533 817 598 rucus'rus.
1048 539 1113 626 317

77 660 191 726 honori
211 684 273 727 suo
292 662 497 742 institutum,
512 663 752 753 perspectavit3
773 675 901 728 etcum
920 663 1055 731 Tiberio
1071 664 1115 732 ad

78 769 275 837 destinatum
287 771 399 838 locum
412 771 592 838 contendit.
610 768 673 840 Sed
686 773 720 836 in
732 768 925 853 redeundo,
937 794 1116 867 aggravata

77 877 279 960 valetudine,
295 878 450 946 tandem⁷
468 879 559 946 n'olae
577 879 755 946 succubuit
773 907 780 946 ι
800 899 1061 978 revocatamque
1074 909 1116 954 ex

77 992 190 1056 itinere
210 989 382 1057 Tiberium
403 990 461 1057 diu
482 1005 610 1058 secreto
632 990 804 1058 sermone⁸
826 993 986 1078 detinuit,
1007 1020 1116 1090 neque

77 1117 149 1191 post
164 1099 223 1168 ulli
237 1100 357 1193 majori
371 1105 504 1194 negotio
517 1105 668 1168 animum
683 1104 956 1192 accommodavit.

119 1215 231 1279 XCIX.
257 1217 420 1306 Supremo
434 1214 503 1297 die,
521 1212 706 1282 identidem
726 1218 905 1309 exquirens
923 1241 967 1284 an
985 1215 1055 1308 jam
1075 1217 1117 1286 de

32 1356 34 1360 ·
77 1345 111 1387 se
133 1321 296 1390 tumultus
317 1323 399 1391 foris
422 1341 529 1407 esset,
556 1328 659 1417 petito
687 1325 839 1417 spiculo,
869 1325 1028 1418 capillum
1056 1327 1118 1394 sibi

78 1435 178 1514 comi,
193 1456 233 1498 ac
250 1431 370 1500 malas¹
393 1432 542 1501 labentes
560 1436 698 1524 corrigi,
714 1437 882 1527 praecepit.
899 1440 941 1502 Et
954 1436 1118 1504 admissos

77 1545 217 1610 amicos²
234 1561 465 1635 percontatus,
484 1545 637 1640 «Ecquid
654 1549 693 1614 iis
708 1546 876 1613 videretur
889 1551 1031 1616 mimum
1043 1551 1118 1615 vitae

78 1651 249 1722 commode
265 1659 481 1747 transegisse,
495 1687 509 1718 ν
531 1655 672 1749 adjecit³
687 1673 721 1724 et
734 1657 935 1725 clausulam:

78 1865 147 1914 men,
161 1861 213 1900 etc.
227 1852 304 1903 Conf.
317 1854 382 1919 Dio,
395 1855 466 1920 LVI,
481 1847 527 1924 aq,
540 1853 576 1906 ad
621 1867 660 1906 ter
669 1853 721 1905 boc
737 1874 743 1903 ε
760 1876 771 1898 ι
781 1855 849 1905 Tum
859 1872 979 1906 securum
991 1873 1018 1906 se
1031 1855 1120 1924 Augu·

78 1941 135 1975 ann.
152 1925 219 1996 767,
231 1941 256 1979 et
266 1931 331 1982 Vell.
346 1932 504 2004 supralaud.
519 1935 576 2003 Op-
620 1945 675 1984 stus
698 1931 864 2002 praedicans,
892 1933 1120 2004 circumfususque

78 2003 184 2072 pidatim
201 2006 256 2058 fere
274 2010 300 2058 in
317 2012 429 2079 Augusti
447 2010 575 2063 honorem
621 2010 784 2083 amplexibus
796 2011 896 2062 Tiberii
912 2014 969 2076 sui,
988 2029 1122 2062 commen·

78 2099 92 2130 a
111 2085 251 2152 provinciis
268 2086 347 2138 ludos
365 2088 576 2161 quinquennales
620 2087 686 2139 dans
700 2086 738 2138 illi
750 2107 811 2151 sua,
830 2102 909 2160 atque
922 2091 1006 2160 ipsius
1021 2107 1120 2160 opera,

78 2160 155 2214 fuisse
167 2167 340 2233 constitutos,
352 2166 463 2239 legimns
476 2188 498 2220 e.
511 2169 553 2237 59.
621 2185 670 2218 nec
682 2168 824 2238 quicquam
832 2170 887 2237 jam
901 2166 933 2218 de
949 2167 1015 2230 line,
1035 2170 1056 2218 si
1067 2168 1122 2218 fata

112 2260 135 2312 7.
149 2244 268 2297 Tandem
280 2248 500 2300 Noloesuceubur't.
509 2249 575 2302 Vell.
621 2259 777 2315 poscerent,
794 2261 936 2310 recusans,
956 2243 1122 2296 subrsfectus

79 2318 94 2370 l.
106 2339 144 2385 c.,
159 2326 413 2397 tQuamquamjam
426 2342 513 2379 motus
527 2331 576 2379 im·
621 2325 707 2392 prltno
724 2337 870 2394 conspectu
889 2321 1060 2395 alloquioque
1078 2341 1122 2374 ca-

78 2397 224 2454 becillitatis
234 2404 418 2477 inclinaturque
426 2407 453 2457 in
462 2405 577 2459 deterius
621 2404 716 2456 tissimi
739 2403 788 2455 sibi
809 2404 934 2474 spiritus,
958 2422 1019 2454 mox
1040 2423 1122 2474 quum

79 2481 207 2552 principia
220 2483 378 2536 valetudinis
391 2499 524 2548 senserat,
538 2501 578 2538 ta·
622 2501 726 2535 omnem
747 2502 837 2534 curam
856 2483 911 2533 fata
927 2483 1077 2548 vincerent,
1093 2484 1121 2534 ln

79 2573 136 2608 men
148 2558 287 2614 obnitente
300 2565 324 2614 vi
336 2564 431 2630 animi,
448 2583 576 2634 prosecu-
622 2579 668 2612 sua
683 2561 814 2613 resolutus
827 2562 929 2612 initia...
942 2563 1056 2614 animam
1072 2581 1122 2613 οω-

80 2649 120 2686 tas
129 2636 232 2706 lilium,
243 2638 429 2714 digressusque
439 2642 472 2694 ab
485 2661 516 2694 eo
531 2645 577 2694 Be·
621 2640 713 2692 lestem
727 2640 792 2691 celo
808 2638 928 2692 reddidit.
940 2662 951 2685 ι

79 2720 196 2782 neventi,
215 2719 268 2788 ipse
278 2719 377 2771 Nolam
388 2721 479 2790 petiit,·
497 2735 523 2772 et
536 2724 578 2772 in·
657 2720 746 2772 XCIX.
766 2737 787 2770 r.
800 2719 887 2771 Malas
899 2718 1017 2771 labentes.
1031 2718 1072 2770 ΑΙ.
1083 2719 1122 2771 la·

79 2809 244 2862 gravescente
271 2799 299 2848 in
321 2795 378 2848 dies
405 2796 576 2863 valetudine,
623 2796 1122 2870 bantes,quodprobavitCataub.Illud

81 2889 157 2941 quum
172 2878 269 2940 sobet,
284 2878 362 2947 quis,
376 2876 475 2928 volenti
488 2879 577 2930 onmia
623 2877 749 2948 exemplis
762 2878 882 2929 defendit
893 2875 1067 2948 Oudendorp.

80 2965 137 3021 post
149 2971 177 3006 se
192 2953 264 3007 salva
279 2973 430 3022 remanere,
442 2973 578 3008 arcessen-
660 2977 683 3010 a.
703 2959 739 3010 Et
754 2958 874 3012 admissos
887 2960 998 3024 amieos,
1013 2971 1064 3010 etc·
1081 2956 1120 3009 CI.

81 3030 127 3085 das
149 3035 239 3099 foret,
265 3037 420 3090 festinanter
445 3037 579 3088 revocavit
623 3037 688 3100 Dio,
703 3037 773 3101 LVI,
788 3035 831 3087 30.

81 3109 168 3166 fillum.
183 3113 231 3167 Ille
244 3114 277 3166 ad
290 3128 392 3185 patrem
407 3112 524 3186 [patriar]
536 3134 580 3166 ex·
659 3117 684 3168 3.
704 3116 805 3186 Adjecit
818 3128 843 3167 et
859 3115 1012 3168 clanculam.
1032 3117 1123 3169 Ilorat.

81 3207 194 3261 spectato
208 3194 336 3245 revolavit
350 3195 508 3245 maturius.»
527 3195 580 3246 Ta·
623 3196 680 3245 Art.
700 3195 772 3244 I'oet.
796 3191 842 3244 1⁵5
863 3211 869 3241 :
893 3192 1124 3258 «doneccantor,

81 3271 121 3324 cit.
136 3272 233 3325 Annal.
249 3275 277 3339 l,
289 3272 304 3325 5
318 3294 324 3323 ε
341 3272 467 3324 «vixdum
481 3275 579 3342 ingres·
624 3276 679 3326 Vos
689 3274 822 3345 plaudite,
835 3273 936 3324 dicat.»
952 3274 1039 3339 Quam
1050 3291 1126 3326 usur·

82 3366 123 3400 sus
146 3351 281 3424 Illyricum
301 3350 436 3417 Tiberius,
460 3353 579 3422 properis
624 3351 1125 3425 patdugustus,clausulacomieorum

82 3434 167 3484 matris
178 3433 261 3485 literis
278 3433 394 3496 accitnr;
413 3451 499 3504 neque
518 3435 579 3484 satis
624 3429 783 3486 histrionum
796 3432 900 3485 videtur
913 3433 1020 3502 propria
1034 3433 1123 3484 luisse.

83 3526 314 3583 compertamest,
333 3515 477 3583 spirantem
492 3512 579 3566 adhuc
625 3514 763 3578 Ceteram,
775 3513 839 3562 lacit
851 3510 902 3562 huc
915 3511 1033 3581 inprimis
1045 3511 1124 3562 Sene-

82 3589 227 3660 Augustum
239 3591 310 3663 apud
321 3592 407 3643 urbem
419 3590 532 3657 Nolam,
546 3610 579 3642 an
625 3611 661 3644 cae
676 3591 766 3657 locus,
780 3593 863 3661 Epist.
879 3591 1014 3642 LXXVII:
1030 3614 1041 3636 ι
1050 3591 1124 3657 Quo-

83 3670 227 3721 exanimem
250 3671 386 3740 repererit.
401 3693 413 3717 ι
442 3671 482 3721 Ita
503 3670 580 3721 ctiam
625 3670 705 3722 modo
719 3667 826 3734 fabula,
841 3670 878 3720 sic
888 3671 941 3720 vita
951 3689 958 3730 ;
968 3685 1021 3718 non
1033 3686 1124 3739 quam·

83 3747 166 3799 Aurel.
177 3749 277 3816 Victor,
284 3748 348 3802 Ces.
359 3750 578 3817 r.UnusEutrop.
625 3749 683 3813 diu,
696 3747 741 3800 sed
753 3765 834 3818 quam
850 3745 920 3798 bene
939 3760 998 3797 acta
1016 3748 1065 3812 sit,
1081 3765 1124 3798 re·

84 3825 180 3892 V11,5,
194 3826 310 3878 robiit...
324 3827 350 3878 in
361 3825 459 3897 oppido
469 3829 580 3895 Campa·
624 3829 683 3878 fert.
704 3824 777 3879 Nihil
796 3823 830 3876 ad
849 3843 902 3876 rem
920 3826 1052 3894 pertinet,
1070 3844 1123 3896 quo

83 3909 129 3959 nite
152 3908 243 3960 Atella
250 3930 281 3969 ,w
308 3925 424 3979 quocum
449 3908 580 3959 consentit
623 3906 685 3958 loco
694 3905 987 3975 desinas:quocunqne
997 3901 1068 3958 voles
1077 3903 1128 3956 de-'

83 3987 219 4055 Eusebius,
232 3991 258 4040 in
271 3987 413 4041 Chronico.
625 3988 681 4040 sine
703 4007 709 4035 ε
732 3995 834 4037 tantum
856 3982 954 4034 bonam
978 3982 1122 4036 clausulam

117 4067 141 4118 8.
159 4068 213 4118 Diu
226 4078 319 4120 secreto
332 4085 448 4120 temone
460 4067 577 4120 ᾰεείηιιίι,
624 4068 737 4135 impone.
746 4087 757 4110 »
766 4062 893 4133 Etlepide
902 4065 1047 4130 Vonmtmt,
1058 4064 1123 4116 Pod-

84 4144 157 4198 ConI.
171 4146 258 4198 Tiber.
271 4164 312 4198 rr.
328 4148 394 4212 Dio,
407 4147 474 4214 LVI,
488 4147 535 4213 31,
550 4159 579 4196 nt
623 4146 669 4196 sies
680 4141 784 4204 nrdldes,
798 4141 903 4206 CCXL,
914 4143 941 4191 in
954 4142 1069 4195 carmine
1080 4143 1123 4193 cni

84 4225 209 4278 incertum
218 4225 306 4278 tradit.
314 4225 381 4282 Vell.
392 4225 409 4278 l.
422 4244 444 4278 c.
455 4225 506 4292 ,nil
513 4245 579 4298 prae·
624 4223 731 4292 titulus,
746 4221 871 4276 Adice-sb
883 4219 910 4275 la
921 4220 976 4273 vie.-
