2982 5116
365 543 529 606 OCTAV.
555 541 816 606 AUGUSTUS.
1049 545 1112 633 237

72 674 191 764 pretio,
201 672 326 736 viritim
339 666 520 735 admensus
536 685 602 749 est,
615 685 826 762 tesserasque
837 671 1043 734 nummarias
1057 669 1116 736 du·
1163 711 1165 730 2

71 784 212 876 plicavit.

116 897 216 959 XLII.
243 888 306 958 Sed
316 905 354 956 ut
365 887 535 956 salubrem
547 901 552 926 ¹
566 892 672 979 magis
683 914 785 983 quam
796 889 1009 957 ambitiosum
1022 894 1115 958 Prin·

72 1005 176 1094 cipem
190 1003 309 1082 scires,
325 1015 523 1094 querentem
539 997 581 1064 de
598 1001 711 1090 inopia
726 1015 760 1065 et
776 1002 912 1066 caritate
924 1001 991 1065 vini
1005 1024 1114 1093 popu·

71 1114 138 1180 lum
149 1113 358 1180 severissima
370 1113 519 1176 coercuit
531 1134 629 1178 voce:
645 1112 750 1177 «Satis
764 1114 981 1203 provisum²a
992 1137 1115 1204 genero

72 1246 130 1290 suo
149 1225 312 1314 Agrippa,
334 1217 505 1312 perductis
520 1219 673 1312 pluribus
694 1221 804 1313 aquiS,
823 1245 865 1287 ne
881 1221 1033 1288 homines
1047 1225 1115 1289 siti·

71 1352 177 1401 rent.»
203 1331 321 1400 Eidem
347 1330 492 1424 populo,
519 1335 724 1423 promissum
743 1332 879 1427 quidem
907 1337 1114 1424 congiarium

73 1442 295 1538 reposcenti³,
313 1427 436 1510 «Bonas
454 1468 489 1509 se
504 1441 581 1510 fidei
594 1467 710 1525 essm»
736 1442 928 1536 respondit:
947 1471 1016 1512 non
1036 1471 1113 1539 pro-

72 1558 209 1622 missum
230 1571 343 1620 autem
367 1552 529 1644 flagitanti
549 1553 793 1646 turpitudinem
816 1571 849 1620 et
871 1555 1114 1648 impudentiam

73 1663 174 1732 edicto
183 1663 414 1755 exprobravit,
425 1661 685 1757 affirmauitque,
696 1689 764 1730 non
774 1662 931 1730 daturum
943 1689 993 1745 se,
1003 1689 1114 1758 quam·

73 1778 119 1842 vis
137 1774 241 1842 darelt
265 1773 459 1840 destinarat.
482 1779 551 1840 Nec
572 1777 701 1842 minore
729 1777 888 1865 gravitate
913 1791 1014 1868 atque
1032 1800 1113 1843 con-

74 1889 202 1967 stantia,
215 1907 340 1976 quum,
356 1885 528 1974 proposito
541 1885 739 1973 congiario⁵,
753 1884 877 1951 multos
890 1883 1112 1954 manumissos

106 2103 179 2154 xtrt.
204 2120 227 2154 r.
247 2101 381 2154 Salubrem
395 2103 569 2174 mapisquam
613 2106 649 2155 ita
663 2119 688 2156 et
699 2107 779 2178 repeti
790 2120 815 2156 et
828 2106 924 2175 reposci
934 2107 1024 2174 potius
1035 2125 1112 2178 quam

74 2179 275 2240 ambitiowmti·
285 2201 307 2233 e·
317 2185 361 2252 qui
370 2181 570 2250 veraReipuhli·
612 2188 667 2258 peti
678 2187 718 2238 vel
728 2187 815 2258 posci,
829 2185 889 2238 coll.
904 2186 994 2256 Virgil.
1012 2189 1111 2239 AEneid.

75 2277 107 2310 ca
124 2259 265 2310 commoda
278 2273 414 2331 praestare,
429 2259 570 2329 multisque
615 2266 678 2330 XII,
701 2283 730 2330 π,
753 2285 821 2316 nsua
841 2283 911 2316 nuuc
929 2267 1057 2335 promissa
1075 2285 1113 2316 rc·

74 2339 167 2390 morbis
178 2338 310 2390 laboranti
321 2337 433 2404 mederi,
445 2356 522 2408 quam
532 2339 571 2389 ni·
612 2345 693 2415 posci.
705 2367 715 2390 s

75 2421 127 2471 ruiis
137 2420 273 2472 beneficiis
283 2419 458 2472 multitudinis
468 2421 569 2472 animos
651 2427 675 2491 4¹.
695 2425 850 2476 Destinarat.
866 2425 934 2475 Bene
945 2441 972 2474 se
986 2423 1064 2476 habet
1074 2426 1113 2476 in·

76 2500 210 2552 conciliare
220 2497 571 2552 sibirnallet.Cf.Eraest.ad
615 2503 755 2564 dicativus;
776 2520 834 2552 nam
849 2501 928 2552 verba
944 2515 1005 2552 sunt
1019 2516 1113 2554 aucto·

75 2577 570 2645 Tacitllist.1,83,ambitiorumim·
615 2587 670 2646 ris,
697 2601 752 2634 non
777 2583 896 2650 Augusti.
922 2583 1001 2650 Jungi
1026 2595 1114 2634 autem

74 2660 167 2728 perium
175 2662 406 2727 interpretantem,
415 2671 440 2708 et
449 2655 571 2708 eumdem
616 2662 732 2734 quantivis
745 2660 905 2723 indicativo,
925 2657 1040 2712 docuere
1060 2663 1115 2731 pri-

76 2737 152 2790 Tacit.
169 2742 234 2794 Hist.
249 2741 288 2802 ll,
303 2755 346 2804 ra,
365 2737 497 2789 «Suedius
512 2735 571 2788 Cle·
616 2740 675 2790 dem
687 2740 735 2790 viri
750 2738 830 2789 docti.
843 2735 953 2788 Codices
964 2737 1025 2804 alii,
1039 2739 1115 2791 desti-

76 2835 143 2868 mens
156 2821 294 2870 ambitioso
309 2817 418 2887 imperio
434 2815 568 2886 regebat...
616 2829 696 2868 naret.
705 2818 815 2868 Reitzius
825 2813 913 2865 mallet
923 2816 1115 2882 destinaritdt,

76 2894 356 2950 adversusmodestiam
362 2896 572 2965 disciplinaecor-
616 2900 638 2948 si
648 2896 689 2947 vel
701 2899 810 2948 maxime
821 2907 888 2946 esset
898 2895 982 2946 oratio
993 2894 1115 2965 oblique,

77 2991 190 3048 ruptus„
214 2979 293 3030 Conf.
312 2979 396 3028 Tacit.
420 2989 487 3026 nost.
507 2975 571 3040 edit,
616 2994 672 3027 esse
681 2974 792 3025 deberet
804 2973 960 3048 destinasset,
974 2974 1008 3024 ob
1019 2993 1116 3044 praecc-

77 3070 134 3108 tom.
145 3060 194 3127 111,
206 3079 269 3131 pag.
283 3075 345 3123 120,
359 3071 384 3110 et
397 3075 457 3129 pag.
472 3057 533 3122 154,
545 3058 571 3106 in
617 3054 682 3106 dens
695 3053 848 3126 affirmavit.

77 3139 150 3189 noas.
652 3133 676 3186 5.
699 3137 800 3204 Quam,
817 3133 948 3205 proposito
966 3134 1115 3208 conpiario,

109 3234 131 3267 a.
156 3217 225 3268 Satis
241 3216 389 3288 provisum,
413 3228 463 3264 etc.
484 3213 571 3265 Simile
617 3212 712 3266 multos
723 3213 905 3276 manumissos,
921 3224 971 3262 etc.
989 3213 1048 3262 Non
1063 3226 1117 3264 sta-

77 3294 135 3364 quid
158 3295 191 3346 de
216 3296 363 3348 Pescennio
385 3295 469 3363 Nigro
491 3291 572 3342 tradit
615 3295 662 3342 tim
674 3306 702 3342 ut
713 3292 807 3362 aliquis
817 3292 992 3340 manumissus
1003 3290 1117 3356 erat,ad

77 3371 199 3442 spartian.
213 3393 274 3444 cap.
286 3392 310 3443 7.
325 3373 413 3440 Quum
425 3373 495 3423 enim
506 3371 571 3421 mili·
616 3372 781 3441 congiarium
790 3369 887 3420 aliasve
895 3368 1065 3420 liberalitates
1074 3368 1118 3419 ad·

77 3463 113 3504 tcs
132 3454 257 3506 limitanei
272 3455 377 3524 AEgppti
393 3455 482 3502 vinum
499 3465 572 3520 pete·
616 3448 779 3510 mittebatur,
789 3446 836 3497 sed
846 3448 873 3496 in
884 3445 980 3496 tribum
990 3449 1064 3516 prius
1073 3446 1117 3498 de-

77 3545 143 3596 rent,
156 3535 251 3587 Nilum
263 3533 374 3595 bebetis,
385 3529 537 3602 respondit,
548 3541 573 3580 et
617 3527 695 3579 scribi
715 3527 834 3596 oportuit
852 3524 940 3597 (quod
957 3523 1116 3576 beneficium

78 3610 160 3662 cinam
172 3611 305 3684 quaeritis?
616 3609 667 3677 ipsi
680 3607 783 3677 patroni
796 3623 864 3674 srepe
875 3605 1041 3656 manumissis
1051 3621 1116 3654 eme·

109 3689 131 3742 3.
152 3691 313 3762 Reposcenti.
332 3692 401 3740 Vera
417 3689 473 3740 sine
490 3686 571 3737 dubio
615 3684 716 3755 bant):
732 3682 793 3733 hinc
812 3682 909 3732 diserte
925 3682 1022 3731 Noster
1036 3683 1116 3734 inser·

77 3777 365 3840 estsententiaileitzii,
376 3775 435 3845 qui,
447 3775 572 3824 Burman-
618 3777 704 3835 tesque
718 3764 815 3814 civium
830 3778 938 3811 numero
953 3759 1036 3811 addit.
1058 3763 1115 3811 Jam

78 3871 109 3902 no
120 3856 254 3925 paniculae
268 3852 571 3905 mvehementiaeuotam
618 3859 704 3896 autem
724 3861 841 3914 repressa
859 3839 893 3891 ab
911 3841 1031 3910 Augusto
1049 3839 1116 3892 lucri

77 3933 217 3999 tribuente,
230 3934 352 3985 Ernestio
362 3951 393 3982 ex
407 3934 522 4001 argentei
535 3949 572 3981 se·
616 3921 760 3991 cupiditas,
776 3937 833 3989 quae
843 3917 939 3968 multos
952 3918 1116 3989 temporibus

79 4013 182 4065 culiusu
193 4011 303 4084 simplex
315 4029 365 4082 pro
375 4011 523 4080 composito
536 4008 572 4060 di·
616 4003 668 4054 illis
676 4000 1034 4071 impellebat,utserrossuos
1043 3999 1116 4051 nullo

79 4102 143 4141 ctum
157 4104 287 4161 putante,
304 4087 330 4139 h.
346 4087 364 4138 l.
384 4089 474 4158 potius
488 4105 514 4138 re
526 4086 572 4137 de·
616 4083 766 4134 discrimine
783 4098 814 4130 ac
828 4096 875 4150 per
889 4077 1010 4129 fraudem
1021 4097 1117 4130 manu-

78 4166 156 4220 bitum
175 4183 295 4240 spectare
312 4180 419 4232 censet,
439 4165 526 4236 quod,
543 4178 573 4217 ut
616 4165 763 4225 mitterent,
776 4159 872 4230 qui,in
885 4156 969 4208 tribus
981 4155 1069 4219 divisi,
1083 4157 1115 4209 ad

79 4250 162 4316 potius
177 4249 250 4302 reddi
267 4247 384 4312 dicatur,
405 4263 483 4316 quam
502 4245 572 4308 dari,
617 4240 867 4304 frumentationem,
883 4237 1034 4307 congiaria,
1049 4251 1075 4289 et
1089 4237 1116 4289 id
