<?xml version="1.0" encoding="UTF-8"?>
<!DOCTYPE html PUBLIC "-//W3C//DTD XHTML 1.0 Transitional//EN"
    "http://www.w3.org/TR/xhtml1/DTD/xhtml1-transitional.dtd">
<html xmlns="http://www.w3.org/1999/xhtml" xml:lang="en" lang="en">
 <head>
  <title>
</title>
<meta http-equiv="Content-Type" content="text/html;charset=utf-8" />
  <meta name='ocr-system' content='tesseract 3.04.00' />
  <meta name='ocr-capabilities' content='ocr_page ocr_carea ocr_par ocr_line ocrx_word'/>
</head>
<body>
  <div class='ocr_page' id='page_1' title='image "./csuetoniitranqu02suetgoog_0086.png"; bbox 0 0 3122 5134; ppageno 0'>
   <div class='ocr_carea' id='block_1_1' title="bbox 382 517 1048 589">
    <p class='ocr_par' dir='ltr' id='par_1_1' title="bbox 382 517 1048 589">
     <span class='ocr_line' id='line_1_1' title="bbox 382 517 1048 589; baseline -0.006 -3"><span class='ocrx_word' id='word_1_1' title='bbox 382 544 424 589; x_wconf 78' lang='lat' dir='ltr'>ao</span> <span class='ocrx_word' id='word_1_2' title='bbox 755 521 791 583; x_wconf 86' lang='lat' dir='ltr'>G.</span> <span class='ocrx_word' id='word_1_3' title='bbox 817 517 1048 584; x_wconf 82' lang='lat' dir='ltr'>SUETONH</span> 
     </span>
    </p>
   </div>
   <div class='ocr_carea' id='block_1_2' title="bbox 323 642 1425 1850">
    <p class='ocr_par' dir='ltr' id='par_1_2' title="bbox 323 642 1425 1492">
     <span class='ocr_line' id='line_1_2' title="bbox 381 642 1425 741; baseline -0.006 -25"><span class='ocrx_word' id='word_1_4' title='bbox 381 673 473 716; x_wconf 90' lang='lat' dir='ltr'>mum</span> <span class='ocrx_word' id='word_1_5' title='bbox 497 650 610 741; x_wconf 87' lang='lat' dir='ltr'>petiit,</span> <span class='ocrx_word' id='word_1_6' title='bbox 635 671 703 713; x_wconf 91' lang='lat' dir='ltr'>non</span> <span class='ocrx_word' id='word_1_7' title='bbox 728 649 799 712; x_wconf 88' lang='lat' dir='ltr'>sine</span> <span class='ocrx_word' id='word_1_8' title='bbox 824 645 1055 738; x_wconf 71' lang='lat' dir='ltr'>profusissima</span> <span class='ocrx_word' id='word_1_9' title='bbox 1079 642 1263 734; x_wconf 75' lang='lat' dir='ltr'><strong>largitione.</strong></span> <span class='ocrx_word' id='word_1_10' title='bbox 1292 645 1330 709; x_wconf 89' lang='lat' dir='ltr'>ln</span> <span class='ocrx_word' id='word_1_11' title='bbox 1354 651 1425 737; x_wconf 75' lang='lat' dir='ltr'>‘qua</span> 
     </span>
     <span class='ocr_line' id='line_1_3' title="bbox 379 753 1424 852; baseline -0.006 -26"><span class='ocrx_word' id='word_1_12' title='bbox 379 777 540 852; x_wconf 90' lang='lat' dir='ltr'>reputans</span> <span class='ocrx_word' id='word_1_13' title='bbox 567 757 834 850; x_wconf 75' lang='lat' dir='ltr'><strong>magnitudinem</strong></span> <span class='ocrx_word' id='word_1_14' title='bbox 863 759 939 825; x_wconf 81' lang='lat' dir='ltr'>aeris</span> <span class='ocrx_word' id='word_1_15' title='bbox 966 755 1090 837; x_wconf 87' lang='lat' dir='ltr'>alieni,</span> <span class='ocrx_word' id='word_1_16' title='bbox 1119 777 1225 850; x_wconf 90' lang='lat' dir='ltr'>quum</span> <span class='ocrx_word' id='word_1_17' title='bbox 1254 777 1353 822; x_wconf 90' lang='lat' dir='ltr'>mane</span> <span class='ocrx_word' id='word_1_18' title='bbox 1380 753 1424 820; x_wconf 91' lang='lat' dir='ltr'>ad</span> 
     </span>
     <span class='ocr_line' id='line_1_4' title="bbox 379 865 1423 962; baseline -0.008 -23"><span class='ocrx_word' id='word_1_19' title='bbox 379 874 513 939; x_wconf 86' lang='lat' dir='ltr'>comitia</span> <span class='ocrx_word' id='word_1_20' title='bbox 530 869 767 951; x_wconf 84' lang='lat' dir='ltr'>descenderet,</span> <span class='ocrx_word' id='word_1_21' title='bbox 786 868 981 962; x_wconf 75' lang='lat' dir='ltr'>praedixisse</span> <span class='ocrx_word' id='word_1_22' title='bbox 998 869 1097 934; x_wconf 88' lang='lat' dir='ltr'>matri</span> <span class='ocrx_word' id='word_1_23' title='bbox 1116 867 1281 934; x_wconf 83' lang='lat' dir='ltr'>osculanti</span> <span class='ocrx_word' id='word_1_24' title='bbox 1298 865 1423 948; x_wconf 89' lang='lat' dir='ltr'>fertur,</span> 
     </span>
     <span class='ocr_line' id='line_1_5' title="bbox 323 978 1424 1070; baseline -0.006 -22"><span class='ocrx_word' id='word_1_25' title='bbox 323 997 330 1013; x_wconf 85' lang='lat'><strong><em>‘</em></strong></span> <span class='ocrx_word' id='word_1_26' title='bbox 379 981 518 1050; x_wconf 90' lang='lat' dir='ltr'>domum</span> <span class='ocrx_word' id='word_1_27' title='bbox 542 1007 577 1049; x_wconf 90' lang='lat' dir='ltr'>sc</span> <span class='ocrx_word' id='word_1_28' title='bbox 600 983 663 1066; x_wconf 90' lang='lat' dir='ltr'>nisi</span> <span class='ocrx_word' id='word_1_29' title='bbox 687 978 883 1064; x_wconf 86' lang='lat' dir='ltr'>Pontificem</span> <span class='ocrx_word' id='word_1_30' title='bbox 905 1002 972 1046; x_wconf 92' lang='lat' dir='ltr'>non</span> <span class='ocrx_word' id='word_1_31' title='bbox 996 1001 1221 1047; x_wconf 89' lang='lat' dir='ltr'>reversurum.</span> <span class='ocrx_word' id='word_1_32' title='bbox 1247 983 1356 1070; x_wconf 83' lang='lat' dir='ltr'>Atque</span> <span class='ocrx_word' id='word_1_33' title='bbox 1378 978 1424 1042; x_wconf 89' lang='lat' dir='ltr'>ita</span> 
     </span>
     <span class='ocr_line' id='line_1_6' title="bbox 378 1089 1424 1186; baseline -0.008 -25"><span class='ocrx_word' id='word_1_34' title='bbox 378 1097 629 1186; x_wconf 88' lang='lat' dir='ltr'>potentissimos</span> <span class='ocrx_word' id='word_1_35' title='bbox 648 1092 734 1160; x_wconf 91' lang='lat' dir='ltr'>duos</span> <span class='ocrx_word' id='word_1_36' title='bbox 753 1089 1028 1185; x_wconf 84' lang='lat' dir='ltr'>competitores³,</span> <span class='ocrx_word' id='word_1_37' title='bbox 1048 1091 1261 1184; x_wconf 90' lang='lat' dir='ltr'>multumque</span> <span class='ocrx_word' id='word_1_38' title='bbox 1279 1103 1312 1154; x_wconf 89' lang='lat' dir='ltr'>et</span> <span class='ocrx_word' id='word_1_39' title='bbox 1325 1103 1424 1154; x_wconf 85' lang='lat' dir='ltr'>aetate</span> 
     </span>
     <span class='ocr_line' id='line_1_7' title="bbox 379 1199 1423 1296; baseline -0.008 -24"><span class='ocrx_word' id='word_1_40' title='bbox 379 1221 413 1272; x_wconf 89' lang='lat' dir='ltr'>et</span> <span class='ocrx_word' id='word_1_41' title='bbox 435 1203 595 1296; x_wconf 75' lang='lat' dir='ltr'>dignitate</span> <span class='ocrx_word' id='word_1_42' title='bbox 617 1202 873 1286; x_wconf 85' lang='lat' dir='ltr'>antecedentes,</span> <span class='ocrx_word' id='word_1_43' title='bbox 897 1206 1087 1296; x_wconf 88' lang='lat' dir='ltr'>superavit,</span> <span class='ocrx_word' id='word_1_44' title='bbox 1111 1218 1150 1268; x_wconf 92' lang='lat' dir='ltr'>ut</span> <span class='ocrx_word' id='word_1_45' title='bbox 1173 1199 1272 1294; x_wconf 90' lang='lat' dir='ltr'>plura</span> <span class='ocrx_word' id='word_1_46' title='bbox 1294 1200 1423 1290; x_wconf 89' lang='lat' dir='ltr'>ipsein</span> 
     </span>
     <span class='ocr_line' id='line_1_8' title="bbox 376 1308 1421 1408; baseline -0.006 -27"><span class='ocrx_word' id='word_1_47' title='bbox 376 1339 497 1382; x_wconf 86' lang='lat' dir='ltr'>eorum</span> <span class='ocrx_word' id='word_1_48' title='bbox 520 1314 674 1382; x_wconf 79' lang='lat' dir='ltr'>tribubus</span> <span class='ocrx_word' id='word_1_49' title='bbox 694 1313 874 1405; x_wconf 77' lang='lat' dir='ltr'>suffragia,</span> <span class='ocrx_word' id='word_1_50' title='bbox 900 1335 1001 1408; x_wconf 88' lang='lat' dir='ltr'>quam</span> <span class='ocrx_word' id='word_1_51' title='bbox 1023 1329 1164 1406; x_wconf 90' lang='lat' dir='ltr'>uterque</span> <span class='ocrx_word' id='word_1_52' title='bbox 1185 1312 1219 1377; x_wconf 95' lang='lat' dir='ltr'>in</span> <span class='ocrx_word' id='word_1_53' title='bbox 1243 1308 1421 1390; x_wconf 76' lang='lat' dir='ltr'>omnibu5‚</span> 
     </span>
     <span class='ocr_line' id='line_1_9' title="bbox 378 1419 502 1492; baseline 0 0"><span class='ocrx_word' id='word_1_54' title='bbox 378 1419 502 1492; x_wconf 86' lang='lat' dir='ltr'>mlerit.</span> 
     </span>
    </p>

    <p class='ocr_par' dir='ltr' id='par_1_3' title="bbox 375 1531 1422 1850">
     <span class='ocr_line' id='line_1_10' title="bbox 424 1531 1422 1628; baseline -0.003 -25"><span class='ocrx_word' id='word_1_55' title='bbox 424 1541 511 1604; x_wconf 80' lang='lat' dir='ltr'>xlv.</span> <span class='ocrx_word' id='word_1_56' title='bbox 539 1542 665 1604; x_wconf 82' lang='lat' dir='ltr'>Praetor</span> <span class='ocrx_word' id='word_1_57' title='bbox 683 1553 834 1618; x_wconf 88' lang='lat' dir='ltr'>creatus,</span> <span class='ocrx_word' id='word_1_58' title='bbox 853 1533 984 1602; x_wconf 88' lang='lat' dir='ltr'>detecta</span> <span class='ocrx_word' id='word_1_59' title='bbox 1001 1533 1234 1628; x_wconf 88' lang='lat' dir='ltr'>conjuratione</span> <span class='ocrx_word' id='word_1_60' title='bbox 1252 1531 1422 1614; x_wconf 84' lang='lat' dir='ltr'>Catilinae&#39;,</span> 
     </span>
     <span class='ocr_line' id='line_1_11' title="bbox 375 1642 1421 1742; baseline -0.007 -28"><span class='ocrx_word' id='word_1_61' title='bbox 375 1653 567 1742; x_wconf 81' lang='lat' dir='ltr'>Senatuque</span> <span class='ocrx_word' id='word_1_62' title='bbox 579 1648 737 1713; x_wconf 89' lang='lat' dir='ltr'>universo</span> <span class='ocrx_word' id='word_1_63' title='bbox 749 1648 785 1712; x_wconf 93' lang='lat' dir='ltr'>in</span> <span class='ocrx_word' id='word_1_64' title='bbox 799 1648 908 1713; x_wconf 91' lang='lat' dir='ltr'>socios</span> <span class='ocrx_word' id='word_1_65' title='bbox 919 1645 1076 1712; x_wconf 85' lang='lat' dir='ltr'>facinoris</span> <span class='ocrx_word' id='word_1_66' title='bbox 1088 1642 1241 1710; x_wconf 90' lang='lat' dir='ltr'>ultimam</span> <span class='ocrx_word' id='word_1_67' title='bbox 1253 1658 1421 1709; x_wconf 83' lang='lat' dir='ltr'>statuente</span> 
     </span>
     <span class='ocr_line' id='line_1_12' title="bbox 376 1751 1422 1850; baseline -0.004 -25"><span class='ocrx_word' id='word_1_68' title='bbox 376 1783 526 1850; x_wconf 86' lang='lat' dir='ltr'>poenam,</span> <span class='ocrx_word' id='word_1_69' title='bbox 553 1756 644 1824; x_wconf 91' lang='lat' dir='ltr'>solus</span> <span class='ocrx_word' id='word_1_70' title='bbox 668 1759 915 1850; x_wconf 76' lang='lat' dir='ltr'>municipatim·</span> <span class='ocrx_word' id='word_1_71' title='bbox 944 1754 1141 1824; x_wconf 88' lang='lat' dir='ltr'>dividendos</span> <span class='ocrx_word' id='word_1_72' title='bbox 1168 1751 1422 1822; x_wconf 88' lang='lat' dir='ltr'>custodiendos-</span> 
     </span>
    </p>
   </div>
   <div class='ocr_carea' id='block_1_3' title="bbox 350 1927 1424 4292">
    <p class='ocr_par' dir='ltr' id='par_1_4' title="bbox 350 1927 1424 4292">
     <span class='ocr_line' id='line_1_13' title="bbox 376 1927 1421 2007; baseline -0.004 -23"><span class='ocrx_word' id='word_1_73' title='bbox 376 1931 493 2004; x_wconf 71' lang='lat' dir='ltr'>collegiis</span> <span class='ocrx_word' id='word_1_74' title='bbox 510 1935 564 1984; x_wconf 87' lang='lat' dir='ltr'>suis</span> <span class='ocrx_word' id='word_1_75' title='bbox 581 1934 776 2004; x_wconf 70' lang='lat' dir='ltr'>coaptabuntur</span> <span class='ocrx_word' id='word_1_76' title='bbox 792 1953 877 2007; x_wconf 85' lang='lat' dir='ltr'>usque</span> <span class='ocrx_word' id='word_1_77' title='bbox 921 1953 972 2005; x_wconf 86' lang='lat' dir='ltr'>que</span> <span class='ocrx_word' id='word_1_78' title='bbox 982 1935 1009 1985; x_wconf 90' lang='lat' dir='ltr'>in</span> <span class='ocrx_word' id='word_1_79' title='bbox 1019 1933 1116 1988; x_wconf 82' lang='lat' dir='ltr'>classes</span> <span class='ocrx_word' id='word_1_80' title='bbox 1128 1945 1154 1984; x_wconf 88' lang='lat' dir='ltr'>et</span> <span class='ocrx_word' id='word_1_81' title='bbox 1165 1931 1296 1984; x_wconf 86' lang='lat' dir='ltr'>centurias</span> <span class='ocrx_word' id='word_1_82' title='bbox 1309 1947 1370 1982; x_wconf 84' lang='lat' dir='ltr'>suas</span> <span class='ocrx_word' id='word_1_83' title='bbox 1382 1927 1421 1980; x_wconf 92' lang='lat' dir='ltr'>di·</span> 
     </span>
     <span class='ocr_line' id='line_1_14' title="bbox 378 2009 1422 2082; baseline -0.004 -19"><span class='ocrx_word' id='word_1_84' title='bbox 378 2011 410 2063; x_wconf 89' lang='lat' dir='ltr'>ad</span> <span class='ocrx_word' id='word_1_85' title='bbox 428 2012 511 2082; x_wconf 75' lang='lat' dir='ltr'>legem</span> <span class='ocrx_word' id='word_1_86' title='bbox 523 2013 572 2064; x_wconf 84' lang='lat' dir='ltr'>Cn.</span> <span class='ocrx_word' id='word_1_87' title='bbox 587 2014 695 2066; x_wconf 88' lang='lat' dir='ltr'>Domitii</span> <span class='ocrx_word' id='word_1_88' title='bbox 707 2013 877 2067; x_wconf 79' lang='lat' dir='ltr'>Ahenobarbi</span> <span class='ocrx_word' id='word_1_89' title='bbox 920 2015 1044 2066; x_wconf 85' lang='lat' dir='ltr'>stinctum</span> <span class='ocrx_word' id='word_1_90' title='bbox 1055 2013 1183 2082; x_wconf 72' lang='lat' dir='ltr'>suffragia</span> <span class='ocrx_word' id='word_1_91' title='bbox 1193 2009 1318 2063; x_wconf 77' lang='lat' dir='ltr'>edidisse.</span> <span class='ocrx_word' id='word_1_92' title='bbox 1328 2012 1368 2060; x_wconf 85' lang='lat' dir='ltr'>lta</span> <span class='ocrx_word' id='word_1_93' title='bbox 1377 2010 1422 2060; x_wconf 88' lang='lat' dir='ltr'>tri·</span> 
     </span>
     <span class='ocr_line' id='line_1_15' title="bbox 375 2089 1422 2163; baseline 0 -23"><span class='ocrx_word' id='word_1_94' title='bbox 375 2089 448 2141; x_wconf 86' lang='lat' dir='ltr'>Trib.</span> <span class='ocrx_word' id='word_1_95' title='bbox 460 2089 531 2161; x_wconf 86' lang='lat' dir='ltr'>pleb.</span> <span class='ocrx_word' id='word_1_96' title='bbox 542 2091 573 2141; x_wconf 76' lang='lat' dir='ltr'>A.</span> <span class='ocrx_word' id='word_1_97' title='bbox 582 2091 613 2142; x_wconf 91' lang='lat' dir='ltr'>U.</span> <span class='ocrx_word' id='word_1_98' title='bbox 623 2091 689 2159; x_wconf 83' lang='lat'>650,</span> <span class='ocrx_word' id='word_1_99' title='bbox 700 2111 757 2163; x_wconf 66' lang='lat' dir='ltr'>qua.»</span> <span class='ocrx_word' id='word_1_100' title='bbox 765 2106 877 2163; x_wconf 86' lang='lat' dir='ltr'>septem·</span> <span class='ocrx_word' id='word_1_101' title='bbox 920 2093 1002 2146; x_wconf 88' lang='lat' dir='ltr'>boum</span> <span class='ocrx_word' id='word_1_102' title='bbox 1016 2094 1115 2144; x_wconf 85' lang='lat' dir='ltr'>montio</span> <span class='ocrx_word' id='word_1_103' title='bbox 1127 2093 1154 2143; x_wconf 91' lang='lat' dir='ltr'>in</span> <span class='ocrx_word' id='word_1_104' title='bbox 1169 2089 1284 2142; x_wconf 90' lang='lat' dir='ltr'>comitiis</span> <span class='ocrx_word' id='word_1_105' title='bbox 1294 2091 1422 2140; x_wconf 82' lang='lat' dir='ltr'>centuria·</span> 
     </span>
     <span class='ocr_line' id='line_1_16' title="bbox 350 2167 1421 2247; baseline 0 -27"><span class='ocrx_word' id='word_1_106' title='bbox 350 2237 355 2247; x_wconf 32' lang='lat'>.</span> <span class='ocrx_word' id='word_1_107' title='bbox 375 2168 460 2220; x_wconf 85' lang='lat' dir='ltr'>decim</span> <span class='ocrx_word' id='word_1_108' title='bbox 475 2167 597 2221; x_wconf 84' lang='lat' dir='ltr'>tribubus</span> <span class='ocrx_word' id='word_1_109' title='bbox 615 2183 685 2222; x_wconf 86' lang='lat' dir='ltr'>sorte</span> <span class='ocrx_word' id='word_1_110' title='bbox 702 2170 788 2224; x_wconf 87' lang='lat' dir='ltr'>ductis</span> <span class='ocrx_word' id='word_1_111' title='bbox 804 2189 875 2224; x_wconf 86' lang='lat' dir='ltr'>cres·</span> <span class='ocrx_word' id='word_1_112' title='bbox 920 2173 952 2226; x_wconf 90' lang='lat' dir='ltr'>tis</span> <span class='ocrx_word' id='word_1_113' title='bbox 965 2173 1033 2224; x_wconf 83' lang='lat' dir='ltr'>infra</span> <span class='ocrx_word' id='word_1_114' title='bbox 1047 2189 1071 2224; x_wconf 88' lang='lat' dir='ltr'>e.</span> <span class='ocrx_word' id='word_1_115' title='bbox 1085 2172 1116 2238; x_wconf 75' lang='grc'>41</span> <span class='ocrx_word' id='word_1_116' title='bbox 1135 2182 1161 2222; x_wconf 83' lang='lat' dir='ltr'>et</span> <span class='ocrx_word' id='word_1_117' title='bbox 1176 2170 1223 2229; x_wconf 74' lang='lat'>803</span> <span class='ocrx_word' id='word_1_118' title='bbox 1237 2168 1292 2220; x_wconf 83' lang='lat' dir='ltr'>cic.</span> <span class='ocrx_word' id='word_1_119' title='bbox 1305 2171 1367 2238; x_wconf 76' lang='lat' dir='ltr'>Agr.</span> <span class='ocrx_word' id='word_1_120' title='bbox 1383 2170 1421 2230; x_wconf 86' lang='lat' dir='ltr'>lt,</span> 
     </span>
     <span class='ocr_line' id='line_1_17' title="bbox 375 2245 1421 2321; baseline 0 -24"><span class='ocrx_word' id='word_1_121' title='bbox 375 2247 474 2298; x_wconf 86' lang='lat' dir='ltr'>tionem</span> <span class='ocrx_word' id='word_1_122' title='bbox 485 2246 681 2318; x_wconf 84' lang='lat' dir='ltr'>tradidit(Vell.</span> <span class='ocrx_word' id='word_1_123' title='bbox 694 2251 730 2314; x_wconf 91' lang='lat' dir='ltr'>ll,</span> <span class='ocrx_word' id='word_1_124' title='bbox 746 2264 790 2314; x_wconf 81' lang='lat' dir='ltr'>ta,</span> <span class='ocrx_word' id='word_1_125' title='bbox 803 2267 875 2321; x_wconf 71' lang='lat' dir='ltr'>aquo</span> <span class='ocrx_word' id='word_1_126' title='bbox 924 2269 945 2304; x_wconf 92' lang='grc' dir='ltr'>ι.</span> <span class='ocrx_word' id='word_1_127' title='bbox 959 2250 1025 2303; x_wconf 88' lang='lat' dir='ltr'>Vide</span> <span class='ocrx_word' id='word_1_128' title='bbox 1041 2252 1129 2320; x_wconf 75' lang='lat' dir='ltr'>Sigon.</span> <span class='ocrx_word' id='word_1_129' title='bbox 1147 2261 1174 2300; x_wconf 85' lang='lat' dir='ltr'>ct</span> <span class='ocrx_word' id='word_1_130' title='bbox 1189 2249 1270 2300; x_wconf 86' lang='lat' dir='ltr'>Henr.</span> <span class='ocrx_word' id='word_1_131' title='bbox 1286 2247 1373 2298; x_wconf 88' lang='lat' dir='ltr'>Vales.</span> <span class='ocrx_word' id='word_1_132' title='bbox 1388 2245 1421 2298; x_wconf 90' lang='lat' dir='ltr'>ad</span> 
     </span>
     <span class='ocr_line' id='line_1_18' title="bbox 376 2325 1420 2399; baseline -0.002 -22"><span class='ocrx_word' id='word_1_133' title='bbox 376 2345 447 2378; x_wconf 81' lang='lat' dir='ltr'>anno</span> <span class='ocrx_word' id='word_1_134' title='bbox 461 2328 509 2380; x_wconf 89' lang='lat' dir='ltr'>Cn.</span> <span class='ocrx_word' id='word_1_135' title='bbox 525 2328 658 2379; x_wconf 84' lang='lat' dir='ltr'>Domitius</span> <span class='ocrx_word' id='word_1_136' title='bbox 668 2325 740 2379; x_wconf 90' lang='lat' dir='ltr'>Trib.</span> <span class='ocrx_word' id='word_1_137' title='bbox 756 2327 826 2399; x_wconf 82' lang='lat' dir='ltr'>pleb.</span> <span class='ocrx_word' id='word_1_138' title='bbox 839 2328 875 2380; x_wconf 90' lang='lat' dir='ltr'>le·</span> <span class='ocrx_word' id='word_1_139' title='bbox 919 2329 974 2382; x_wconf 84' lang='lat' dir='ltr'>tiv.</span> <span class='ocrx_word' id='word_1_140' title='bbox 986 2330 1009 2392; x_wconf 93' lang='lat' dir='ltr'>l,</span> <span class='ocrx_word' id='word_1_141' title='bbox 1020 2329 1069 2395; x_wconf 70' lang='lat' dir='ltr'>dd,</span> <span class='ocrx_word' id='word_1_142' title='bbox 1082 2341 1107 2380; x_wconf 83' lang='lat' dir='ltr'>et</span> <span class='ocrx_word' id='word_1_143' title='bbox 1118 2325 1217 2379; x_wconf 78' lang='lat' dir='ltr'>Duker.</span> <span class='ocrx_word' id='word_1_144' title='bbox 1227 2325 1262 2378; x_wconf 86' lang='lat' dir='ltr'>ad</span> <span class='ocrx_word' id='word_1_145' title='bbox 1273 2326 1327 2378; x_wconf 83' lang='lat' dir='ltr'>Liv.</span> <span class='ocrx_word' id='word_1_146' title='bbox 1338 2326 1420 2390; x_wconf 77' lang='lat' dir='ltr'>XXV,</span> 
     </span>
     <span class='ocr_line' id='line_1_19' title="bbox 373 2401 1421 2478; baseline -0.004 -21"><span class='ocrx_word' id='word_1_147' title='bbox 373 2423 432 2474; x_wconf 68' lang='lat' dir='ltr'>gem</span> <span class='ocrx_word' id='word_1_148' title='bbox 442 2404 519 2470; x_wconf 81' lang='lat' dir='ltr'>tulit,</span> <span class='ocrx_word' id='word_1_149' title='bbox 532 2419 561 2458; x_wconf 86' lang='lat' dir='ltr'>ut</span> <span class='ocrx_word' id='word_1_150' title='bbox 573 2403 738 2472; x_wconf 83' lang='lat' dir='ltr'>sacerdotes,</span> <span class='ocrx_word' id='word_1_151' title='bbox 750 2422 817 2475; x_wconf 86' lang='lat' dir='ltr'>quos</span> <span class='ocrx_word' id='word_1_152' title='bbox 832 2423 875 2456; x_wconf 84' lang='lat' dir='ltr'>an-</span> <span class='ocrx_word' id='word_1_153' title='bbox 920 2407 950 2474; x_wconf 84' lang='lat'>5,</span> <span class='ocrx_word' id='word_1_154' title='bbox 964 2408 1008 2478; x_wconf 92' lang='lat' dir='ltr'>qui</span> <span class='ocrx_word' id='word_1_155' title='bbox 1019 2407 1094 2459; x_wconf 88' lang='lat' dir='ltr'>locus</span> <span class='ocrx_word' id='word_1_156' title='bbox 1104 2408 1184 2458; x_wconf 83' lang='lat' dir='ltr'>ctiam</span> <span class='ocrx_word' id='word_1_157' title='bbox 1193 2403 1286 2467; x_wconf 88' lang='lat' dir='ltr'>docet,</span> <span class='ocrx_word' id='word_1_158' title='bbox 1299 2401 1372 2454; x_wconf 92' lang='lat' dir='ltr'>baud</span> <span class='ocrx_word' id='word_1_159' title='bbox 1382 2405 1421 2454; x_wconf 80' lang='lat' dir='ltr'>ta·</span> 
     </span>
     <span class='ocr_line' id='line_1_20' title="bbox 373 2479 1420 2555; baseline 0 -24"><span class='ocrx_word' id='word_1_160' title='bbox 373 2495 415 2533; x_wconf 88' lang='lat' dir='ltr'>tea</span> <span class='ocrx_word' id='word_1_161' title='bbox 434 2479 540 2552; x_wconf 76' lang='lat' dir='ltr'>collegat</span> <span class='ocrx_word' id='word_1_162' title='bbox 557 2480 738 2548; x_wconf 82' lang='lat' dir='ltr'>sufficiebant,</span> <span class='ocrx_word' id='word_1_163' title='bbox 758 2482 874 2554; x_wconf 87' lang='lat' dir='ltr'>pupulus</span> <span class='ocrx_word' id='word_1_164' title='bbox 919 2486 968 2538; x_wconf 88' lang='lat' dir='ltr'>cile</span> <span class='ocrx_word' id='word_1_165' title='bbox 988 2501 1104 2538; x_wconf 85' lang='lat' dir='ltr'>creatum</span> <span class='ocrx_word' id='word_1_166' title='bbox 1124 2485 1240 2555; x_wconf 82' lang='lat' dir='ltr'>aliquem</span> <span class='ocrx_word' id='word_1_167' title='bbox 1257 2483 1356 2550; x_wconf 80' lang='lat' dir='ltr'>fuisse,</span> <span class='ocrx_word' id='word_1_168' title='bbox 1375 2479 1420 2553; x_wconf 91' lang='lat' dir='ltr'>qui</span> 
     </span>
     <span class='ocr_line' id='line_1_21' title="bbox 374 2559 1277 2633; baseline -0.001 -21"><span class='ocrx_word' id='word_1_169' title='bbox 374 2575 480 2612; x_wconf 76' lang='lat' dir='ltr'>crearet.</span> <span class='ocrx_word' id='word_1_170' title='bbox 493 2584 503 2606; x_wconf 71' lang='lat' dir='ltr'>a</span> <span class='ocrx_word' id='word_1_171' title='bbox 518 2560 573 2612; x_wconf 89' lang='lat' dir='ltr'>Cic.</span> <span class='ocrx_word' id='word_1_172' title='bbox 587 2562 677 2633; x_wconf 76' lang='lat' dir='ltr'>Agrar.</span> <span class='ocrx_word' id='word_1_173' title='bbox 690 2563 727 2626; x_wconf 86' lang='lat'>11,</span> <span class='ocrx_word' id='word_1_174' title='bbox 740 2559 781 2628; x_wconf 85' lang='lat'>7.)</span> <span class='ocrx_word' id='word_1_175' title='bbox 796 2560 873 2613; x_wconf 83' lang='lat' dir='ltr'>abro-</span> <span class='ocrx_word' id='word_1_176' title='bbox 920 2564 982 2617; x_wconf 87' lang='lat' dir='ltr'>sella</span> <span class='ocrx_word' id='word_1_177' title='bbox 997 2564 1081 2616; x_wconf 85' lang='lat' dir='ltr'>curuli</span> <span class='ocrx_word' id='word_1_178' title='bbox 1094 2580 1146 2614; x_wconf 87' lang='lat' dir='ltr'>non</span> <span class='ocrx_word' id='word_1_179' title='bbox 1160 2561 1277 2614; x_wconf 80' lang='lat' dir='ltr'>sedisset.</span> 
     </span>
     <span class='ocr_line' id='line_1_22' title="bbox 373 2638 1422 2716; baseline 0.003 -28"><span class='ocrx_word' id='word_1_180' title='bbox 373 2652 460 2706; x_wconf 75' lang='lat' dir='ltr'>garam</span> <span class='ocrx_word' id='word_1_181' title='bbox 475 2638 589 2704; x_wconf 74' lang='lat' dir='ltr'>aSulla,</span> <span class='ocrx_word' id='word_1_182' title='bbox 602 2641 632 2691; x_wconf 80' lang='lat' dir='ltr'>A.</span> <span class='ocrx_word' id='word_1_183' title='bbox 645 2643 678 2692; x_wconf 90' lang='lat' dir='ltr'>U.</span> <span class='ocrx_word' id='word_1_184' title='bbox 691 2639 757 2707; x_wconf 83' lang='lat'>670,</span> <span class='ocrx_word' id='word_1_185' title='bbox 766 2642 820 2708; x_wconf 83' lang='lat' dir='ltr'>jam</span> <span class='ocrx_word' id='word_1_186' title='bbox 833 2659 874 2692; x_wconf 89' lang='lat' dir='ltr'>re-</span> <span class='ocrx_word' id='word_1_187' title='bbox 954 2646 979 2698; x_wconf 86' lang='lat'>3.</span> <span class='ocrx_word' id='word_1_188' title='bbox 1001 2646 1198 2716; x_wconf 73' lang='lat' dir='ltr'>Conspetitore55</span> <span class='ocrx_word' id='word_1_189' title='bbox 1212 2643 1245 2709; x_wconf 89' lang='lat' dir='ltr'>Q</span> <span class='ocrx_word' id='word_1_190' title='bbox 1259 2640 1382 2693; x_wconf 79' lang='lat' dir='ltr'>Catulum</span> <span class='ocrx_word' id='word_1_191' title='bbox 1396 2652 1422 2692; x_wconf 86' lang='lat' dir='ltr'>et</span> 
     </span>
     <span class='ocr_line' id='line_1_23' title="bbox 372 2716 1423 2788; baseline 0.003 -20"><span class='ocrx_word' id='word_1_192' title='bbox 372 2719 489 2768; x_wconf 84' lang='lat' dir='ltr'>stitutam</span> <span class='ocrx_word' id='word_1_193' title='bbox 504 2736 518 2768; x_wconf 94' lang='lat' dir='ltr'>a</span> <span class='ocrx_word' id='word_1_194' title='bbox 533 2718 564 2767; x_wconf 88' lang='lat' dir='ltr'>T.</span> <span class='ocrx_word' id='word_1_195' title='bbox 579 2717 696 2770; x_wconf 88' lang='lat' dir='ltr'>Labieno</span> <span class='ocrx_word' id='word_1_196' title='bbox 710 2716 781 2768; x_wconf 84' lang='lat' dir='ltr'>Trib.</span> <span class='ocrx_word' id='word_1_197' title='bbox 801 2717 871 2788; x_wconf 82' lang='lat' dir='ltr'>pleb.</span> <span class='ocrx_word' id='word_1_198' title='bbox 920 2727 946 2775; x_wconf 86' lang='grc' dir='ltr'>Ρ,</span> <span class='ocrx_word' id='word_1_199' title='bbox 954 2725 1108 2776; x_wconf 69' lang='lat' dir='ltr'>Isauricum.</span> <span class='ocrx_word' id='word_1_200' title='bbox 1116 2722 1184 2774; x_wconf 72' lang='lat' dir='ltr'>Veli.</span> <span class='ocrx_word' id='word_1_201' title='bbox 1196 2723 1232 2787; x_wconf 81' lang='lat' dir='ltr'>ll,</span> <span class='ocrx_word' id='word_1_202' title='bbox 1243 2718 1292 2787; x_wconf 68' lang='lat'>43:</span> <span class='ocrx_word' id='word_1_203' title='bbox 1306 2733 1353 2771; x_wconf 75' lang='lat' dir='ltr'>eet</span> <span class='ocrx_word' id='word_1_204' title='bbox 1361 2735 1423 2772; x_wconf 84' lang='lat' dir='ltr'>ante</span> 
     </span>
     <span class='ocr_line' id='line_1_24' title="bbox 372 2793 1421 2876; baseline 0.003 -29"><span class='ocrx_word' id='word_1_205' title='bbox 372 2795 403 2842; x_wconf 80' lang='grc' dir='ltr'>Δ.</span> <span class='ocrx_word' id='word_1_206' title='bbox 416 2797 447 2846; x_wconf 86' lang='lat' dir='ltr'>U.</span> <span class='ocrx_word' id='word_1_207' title='bbox 459 2796 521 2862; x_wconf 77' lang='lat'>691.</span> <span class='ocrx_word' id='word_1_208' title='bbox 535 2798 627 2846; x_wconf 85' lang='lat' dir='ltr'>Postea</span> <span class='ocrx_word' id='word_1_209' title='bbox 640 2793 822 2848; x_wconf 88' lang='lat' dir='ltr'>sacerdotibus</span> <span class='ocrx_word' id='word_1_210' title='bbox 829 2797 875 2865; x_wconf 81' lang='lat' dir='ltr'>jus</span> <span class='ocrx_word' id='word_1_211' title='bbox 919 2817 1059 2876; x_wconf 75' lang='lat' dir='ltr'>pratorum</span> <span class='ocrx_word' id='word_1_212' title='bbox 1071 2805 1154 2854; x_wconf 78' lang='lat' dir='ltr'>victus</span> <span class='ocrx_word' id='word_1_213' title='bbox 1166 2801 1272 2852; x_wconf 78' lang='lat' dir='ltr'>maximi</span> <span class='ocrx_word' id='word_1_214' title='bbox 1281 2800 1421 2870; x_wconf 83' lang='lat' dir='ltr'>pontifics·</span> 
     </span>
     <span class='ocr_line' id='line_1_25' title="bbox 372 2872 1421 2952; baseline 0.005 -28"><span class='ocrx_word' id='word_1_215' title='bbox 372 2891 450 2924; x_wconf 87' lang='lat' dir='ltr'>suum</span> <span class='ocrx_word' id='word_1_216' title='bbox 462 2872 575 2924; x_wconf 84' lang='lat' dir='ltr'>reddidit</span> <span class='ocrx_word' id='word_1_217' title='bbox 588 2873 625 2923; x_wconf 85' lang='grc' dir='ltr'>Μ.</span> <span class='ocrx_word' id='word_1_218' title='bbox 642 2877 781 2926; x_wconf 83' lang='lat' dir='ltr'>Antonius.</span> <span class='ocrx_word' id='word_1_219' title='bbox 796 2876 873 2926; x_wconf 81' lang='lat' dir='ltr'>Conl.</span> <span class='ocrx_word' id='word_1_220' title='bbox 920 2897 962 2934; x_wconf 66' lang='lat' dir='ltr'>tus</span> <span class='ocrx_word' id='word_1_221' title='bbox 975 2883 1102 2952; x_wconf 64' lang='lat' dir='ltr'>petitione</span> <span class='ocrx_word' id='word_1_222' title='bbox 1113 2883 1147 2949; x_wconf 88' lang='lat' dir='ltr'>Q.</span> <span class='ocrx_word' id='word_1_223' title='bbox 1164 2877 1286 2944; x_wconf 82' lang='lat' dir='ltr'>Catulus,</span> <span class='ocrx_word' id='word_1_224' title='bbox 1302 2881 1421 2931; x_wconf 90' lang='lat' dir='ltr'>omnium</span> 
     </span>
     <span class='ocr_line' id='line_1_26' title="bbox 372 2951 1422 3030; baseline -0.001 -18"><span class='ocrx_word' id='word_1_225' title='bbox 372 2952 437 3014; x_wconf 69' lang='lat' dir='ltr'>Dl⁰s</span> <span class='ocrx_word' id='word_1_226' title='bbox 449 2951 538 3016; x_wconf 60' lang='grc' dir='ltr'>ΜΝ,</span> <span class='ocrx_word' id='word_1_227' title='bbox 553 2951 602 3013; x_wconf 79' lang='grc'>53;</span> <span class='ocrx_word' id='word_1_228' title='bbox 617 2951 728 3004; x_wconf 68' lang='lat' dir='ltr'>Gulhet·</span> <span class='ocrx_word' id='word_1_229' title='bbox 741 2951 774 3004; x_wconf 73' lang='lat' dir='ltr'>de</span> <span class='ocrx_word' id='word_1_230' title='bbox 787 2956 873 3005; x_wconf 70' lang='lat' dir='ltr'>Veteri</span> <span class='ocrx_word' id='word_1_231' title='bbox 918 2958 1422 3030; x_wconf 72' lang='lat' dir='ltr'>confessioneSenutusprinceps-Sal·</span> 
     </span>
     <span class='ocr_line' id='line_1_27' title="bbox 371 3029 1423 3108; baseline 0.009 -28"><span class='ocrx_word' id='word_1_232' title='bbox 371 3029 873 3097; x_wconf 76' lang='lat' dir='ltr'>Jurel’ontilicio,1‚83B0sius,dePon-</span> <span class='ocrx_word' id='word_1_233' title='bbox 917 3038 978 3090; x_wconf 86' lang='lat' dir='ltr'>lnst.</span> <span class='ocrx_word' id='word_1_234' title='bbox 995 3036 1073 3090; x_wconf 86' lang='lat' dir='ltr'>Catil.</span> <span class='ocrx_word' id='word_1_235' title='bbox 1090 3036 1140 3107; x_wconf 66' lang='lat'>49:</span> <span class='ocrx_word' id='word_1_236' title='bbox 1158 3035 1289 3088; x_wconf 73' lang='lat' dir='ltr'>sssatulus</span> <span class='ocrx_word' id='word_1_237' title='bbox 1303 3053 1336 3087; x_wconf 83' lang='lat' dir='ltr'>ex</span> <span class='ocrx_word' id='word_1_238' title='bbox 1350 3038 1423 3108; x_wconf 83' lang='lat' dir='ltr'>peti-</span> 
     </span>
     <span class='ocr_line' id='line_1_28' title="bbox 372 3106 1420 3182; baseline 0.008 -24"><span class='ocrx_word' id='word_1_239' title='bbox 372 3106 441 3159; x_wconf 86' lang='lat' dir='ltr'>tilice</span> <span class='ocrx_word' id='word_1_240' title='bbox 457 3111 527 3160; x_wconf 77' lang='lat' dir='ltr'>Mat.</span> <span class='ocrx_word' id='word_1_241' title='bbox 543 3113 632 3161; x_wconf 72' lang='lat' dir='ltr'>Itomae</span> <span class='ocrx_word' id='word_1_242' title='bbox 652 3111 760 3176; x_wconf 83' lang='lat' dir='ltr'>vetetis,</span> <span class='ocrx_word' id='word_1_243' title='bbox 779 3131 837 3182; x_wconf 85' lang='lat' dir='ltr'>cap.</span> <span class='ocrx_word' id='word_1_244' title='bbox 856 3114 872 3162; x_wconf 84' lang='grc'>3</span> <span class='ocrx_word' id='word_1_245' title='bbox 919 3118 990 3167; x_wconf 85' lang='lat' dir='ltr'>tione</span> <span class='ocrx_word' id='word_1_246' title='bbox 1010 3115 1179 3168; x_wconf 79' lang='lat' dir='ltr'>Pontificatus</span> <span class='ocrx_word' id='word_1_247' title='bbox 1199 3113 1261 3165; x_wconf 92' lang='lat' dir='ltr'>odio</span> <span class='ocrx_word' id='word_1_248' title='bbox 1280 3115 1420 3181; x_wconf 88' lang='lat' dir='ltr'>incensus,</span> 
     </span>
     <span class='ocr_line' id='line_1_29' title="bbox 371 3184 1421 3265; baseline 0.009 -30"><span class='ocrx_word' id='word_1_249' title='bbox 371 3184 464 3256; x_wconf 85' lang='lat' dir='ltr'>(Tbes.</span> <span class='ocrx_word' id='word_1_250' title='bbox 484 3187 565 3240; x_wconf 75' lang='lat' dir='ltr'>Graes.</span> <span class='ocrx_word' id='word_1_251' title='bbox 587 3200 650 3240; x_wconf 89' lang='lat' dir='ltr'>tom.</span> <span class='ocrx_word' id='word_1_252' title='bbox 670 3187 715 3258; x_wconf 87' lang='lat' dir='ltr'>V).</span> <span class='ocrx_word' id='word_1_253' title='bbox 736 3191 872 3256; x_wconf 85' lang='lat' dir='ltr'>Ceterum,</span> <span class='ocrx_word' id='word_1_254' title='bbox 918 3193 991 3265; x_wconf 88' lang='lat' dir='ltr'>quod</span> <span class='ocrx_word' id='word_1_255' title='bbox 1003 3207 1116 3246; x_wconf 78' lang='lat' dir='ltr'>extrema</span> <span class='ocrx_word' id='word_1_256' title='bbox 1128 3194 1361 3256; x_wconf 77' lang='lat' dir='ltr'>mtate,muxumis</span> <span class='ocrx_word' id='word_1_257' title='bbox 1373 3191 1421 3244; x_wconf 91' lang='lat' dir='ltr'>ho·</span> 
     </span>
     <span class='ocr_line' id='line_1_30' title="bbox 370 3267 1423 3334; baseline 0.006 -18"><span class='ocrx_word' id='word_1_258' title='bbox 370 3283 472 3318; x_wconf 83' lang='lat' dir='ltr'>errasse</span> <span class='ocrx_word' id='word_1_259' title='bbox 484 3285 544 3333; x_wconf 83' lang='lat' dir='ltr'>ecs,</span> <span class='ocrx_word' id='word_1_260' title='bbox 557 3267 696 3319; x_wconf 86' lang='lat' dir='ltr'>Pontifices</span> <span class='ocrx_word' id='word_1_261' title='bbox 708 3271 821 3322; x_wconf 84' lang='lat' dir='ltr'>comitiis</span> <span class='ocrx_word' id='word_1_262' title='bbox 830 3273 874 3323; x_wconf 86' lang='lat' dir='ltr'>tri-</span> <span class='ocrx_word' id='word_1_263' title='bbox 918 3269 1027 3323; x_wconf 87' lang='lat' dir='ltr'>non&#39;bus</span> <span class='ocrx_word' id='word_1_264' title='bbox 1035 3289 1111 3334; x_wconf 83' lang='lat' dir='ltr'>usus,</span> <span class='ocrx_word' id='word_1_265' title='bbox 1122 3269 1154 3322; x_wconf 89' lang='lat' dir='ltr'>ab</span> <span class='ocrx_word' id='word_1_266' title='bbox 1162 3268 1423 3323; x_wconf 80' lang='lat' dir='ltr'>adolescentuloGre-</span> 
     </span>
     <span class='ocr_line' id='line_1_31' title="bbox 370 3344 1270 3420; baseline -0.002 -24"><span class='ocrx_word' id='word_1_267' title='bbox 370 3344 441 3397; x_wconf 90' lang='lat' dir='ltr'>butis</span> <span class='ocrx_word' id='word_1_268' title='bbox 451 3344 549 3398; x_wconf 89' lang='lat' dir='ltr'>electos</span> <span class='ocrx_word' id='word_1_269' title='bbox 559 3348 654 3414; x_wconf 78' lang='lat' dir='ltr'>fuisse,</span> <span class='ocrx_word' id='word_1_270' title='bbox 665 3348 805 3418; x_wconf 85' lang='lat' dir='ltr'>opinantes</span> <span class='ocrx_word' id='word_1_271' title='bbox 814 3369 874 3420; x_wconf 92' lang='lat' dir='ltr'>pro·</span> <span class='ocrx_word' id='word_1_272' title='bbox 918 3366 975 3399; x_wconf 88' lang='lat' dir='ltr'>sare</span> <span class='ocrx_word' id='word_1_273' title='bbox 989 3350 1073 3400; x_wconf 82' lang='lat' dir='ltr'>victus</span> <span class='ocrx_word' id='word_1_274' title='bbox 1084 3346 1247 3399; x_wconf 84' lang='lat' dir='ltr'>discesserat.</span> <span class='ocrx_word' id='word_1_275' title='bbox 1259 3371 1270 3394; x_wconf 70' lang='lat' dir='ltr'>a</span> 
     </span>
     <span class='ocr_line' id='line_1_32' title="bbox 371 3423 1422 3498; baseline 0.002 -22"><span class='ocrx_word' id='word_1_276' title='bbox 371 3439 429 3496; x_wconf 88' lang='lat' dir='ltr'>pter</span> <span class='ocrx_word' id='word_1_277' title='bbox 440 3423 555 3478; x_wconf 87' lang='lat' dir='ltr'>tribuum</span> <span class='ocrx_word' id='word_1_278' title='bbox 566 3429 727 3478; x_wconf 86' lang='lat' dir='ltr'>mentionem</span> <span class='ocrx_word' id='word_1_279' title='bbox 737 3427 810 3498; x_wconf 89' lang='lat' dir='ltr'>apud</span> <span class='ocrx_word' id='word_1_280' title='bbox 818 3429 871 3480; x_wconf 90' lang='lat' dir='ltr'>Cic.</span> <span class='ocrx_word' id='word_1_281' title='bbox 950 3425 1422 3498; x_wconf 72' lang='lat' dir='ltr'>xlv.1.Muntcipasim.Cmarsput</span> 
     </span>
     <span class='ocr_line' id='line_1_33' title="bbox 366 3502 1424 3576; baseline 0.003 -22"><span class='ocrx_word' id='word_1_282' title='bbox 366 3502 385 3554; x_wconf 91' lang='lat' dir='ltr'>l.</span> <span class='ocrx_word' id='word_1_283' title='bbox 408 3525 431 3556; x_wconf 84' lang='lat' dir='ltr'>c.</span> <span class='ocrx_word' id='word_1_284' title='bbox 451 3519 478 3556; x_wconf 88' lang='lat' dir='ltr'>et</span> <span class='ocrx_word' id='word_1_285' title='bbox 494 3507 620 3558; x_wconf 89' lang='lat' dir='ltr'>Nostrum</span> <span class='ocrx_word' id='word_1_286' title='bbox 634 3505 660 3557; x_wconf 91' lang='lat' dir='ltr'>b.</span> <span class='ocrx_word' id='word_1_287' title='bbox 676 3505 693 3558; x_wconf 95' lang='lat' dir='ltr'>l.</span> <span class='ocrx_word' id='word_1_288' title='bbox 714 3525 767 3558; x_wconf 86' lang='lat' dir='ltr'>non</span> <span class='ocrx_word' id='word_1_289' title='bbox 788 3509 873 3560; x_wconf 81' lang='lat' dir='ltr'>nrinus</span> <span class='ocrx_word' id='word_1_290' title='bbox 918 3504 1021 3556; x_wconf 86' lang='lat' dir='ltr'>Sallust.</span> <span class='ocrx_word' id='word_1_291' title='bbox 1032 3504 1108 3556; x_wconf 83' lang='lat' dir='ltr'>Catil.</span> <span class='ocrx_word' id='word_1_292' title='bbox 1121 3505 1167 3557; x_wconf 81' lang='lat'>51:</span> <span class='ocrx_word' id='word_1_293' title='bbox 1181 3504 1238 3557; x_wconf 74' lang='lat' dir='ltr'>«ita</span> <span class='ocrx_word' id='word_1_294' title='bbox 1249 3521 1362 3557; x_wconf 87' lang='lat' dir='ltr'>censeo:</span> <span class='ocrx_word' id='word_1_295' title='bbox 1374 3523 1424 3576; x_wconf 87' lang='lat' dir='ltr'>pu-</span> 
     </span>
     <span class='ocr_line' id='line_1_34' title="bbox 370 3580 1420 3655; baseline -0.001 -20"><span class='ocrx_word' id='word_1_296' title='bbox 370 3603 448 3654; x_wconf 86' lang='lat' dir='ltr'>quarn</span> <span class='ocrx_word' id='word_1_297' title='bbox 461 3585 624 3652; x_wconf 83' lang='lat' dir='ltr'>Grucbium‚</span> <span class='ocrx_word' id='word_1_298' title='bbox 639 3585 671 3636; x_wconf 86' lang='lat' dir='ltr'>de</span> <span class='ocrx_word' id='word_1_299' title='bbox 686 3585 781 3636; x_wconf 89' lang='lat' dir='ltr'>Comit.</span> <span class='ocrx_word' id='word_1_300' title='bbox 795 3591 831 3651; x_wconf 82' lang='grc' dir='ltr'>ΙΙ,</span> <span class='ocrx_word' id='word_1_301' title='bbox 844 3605 871 3653; x_wconf 78' lang='lat' dir='ltr'>a,</span> <span class='ocrx_word' id='word_1_302' title='bbox 918 3580 1149 3636; x_wconf 86' lang='lat' dir='ltr'>blicandaseorum</span> <span class='ocrx_word' id='word_1_303' title='bbox 1161 3585 1300 3653; x_wconf 88' lang='lat' dir='ltr'>pecunias,</span> <span class='ocrx_word' id='word_1_304' title='bbox 1311 3585 1420 3655; x_wconf 87' lang='lat' dir='ltr'>ipsosin</span> 
     </span>
     <span class='ocr_line' id='line_1_35' title="bbox 370 3661 1419 3735; baseline 0.004 -23"><span class='ocrx_word' id='word_1_305' title='bbox 370 3662 467 3717; x_wconf 85' lang='lat' dir='ltr'>docent</span> <span class='ocrx_word' id='word_1_306' title='bbox 482 3669 584 3719; x_wconf 84' lang='lat' dir='ltr'>Ernest.</span> <span class='ocrx_word' id='word_1_307' title='bbox 601 3680 627 3716; x_wconf 89' lang='lat' dir='ltr'>et</span> <span class='ocrx_word' id='word_1_308' title='bbox 640 3664 780 3732; x_wconf 81' lang='lat' dir='ltr'>Oudend,</span> <span class='ocrx_word' id='word_1_309' title='bbox 795 3666 871 3733; x_wconf 83' lang='lat' dir='ltr'>inde,</span> <span class='ocrx_word' id='word_1_310' title='bbox 917 3665 1027 3716; x_wconf 79' lang='lat' dir='ltr'>vinculis</span> <span class='ocrx_word' id='word_1_311' title='bbox 1042 3661 1181 3715; x_wconf 84' lang='lat' dir='ltr'>habendos</span> <span class='ocrx_word' id='word_1_312' title='bbox 1198 3682 1246 3735; x_wconf 88' lang='lat' dir='ltr'>per</span> <span class='ocrx_word' id='word_1_313' title='bbox 1259 3665 1419 3735; x_wconf 85' lang='lat' dir='ltr'>municipia,</span> 
     </span>
     <span class='ocr_line' id='line_1_36' title="bbox 371 3742 1420 3814; baseline 0.003 -20"><span class='ocrx_word' id='word_1_314' title='bbox 371 3744 446 3812; x_wconf 90' lang='lat' dir='ltr'>quod</span> <span class='ocrx_word' id='word_1_315' title='bbox 458 3744 553 3799; x_wconf 77' lang='lat' dir='ltr'>Pontii.</span> <span class='ocrx_word' id='word_1_316' title='bbox 566 3763 633 3811; x_wconf 75' lang='lat' dir='ltr'>max.</span> <span class='ocrx_word' id='word_1_317' title='bbox 647 3745 728 3794; x_wconf 89' lang='lat' dir='ltr'>creati</span> <span class='ocrx_word' id='word_1_318' title='bbox 741 3755 872 3796; x_wconf 85' lang='lat' dir='ltr'>suntantc</span> <span class='ocrx_word' id='word_1_319' title='bbox 918 3762 975 3812; x_wconf 75' lang='lat' dir='ltr'>quse</span> <span class='ocrx_word' id='word_1_320' title='bbox 995 3763 1114 3796; x_wconf 80' lang='lat' dir='ltr'>maxume</span> <span class='ocrx_word' id='word_1_321' title='bbox 1129 3742 1225 3814; x_wconf 89' lang='lat' dir='ltr'>opibus</span> <span class='ocrx_word' id='word_1_322' title='bbox 1243 3742 1347 3795; x_wconf 80' lang='lat' dir='ltr'>valent:</span> <span class='ocrx_word' id='word_1_323' title='bbox 1368 3763 1420 3798; x_wconf 87' lang='lat' dir='ltr'>neu</span> 
     </span>
     <span class='ocr_line' id='line_1_37' title="bbox 371 3818 1418 3893; baseline -0.006 -12"><span class='ocrx_word' id='word_1_324' title='bbox 371 3831 477 3881; x_wconf 85' lang='lat' dir='ltr'>comitia</span> <span class='ocrx_word' id='word_1_325' title='bbox 497 3824 595 3877; x_wconf 89' lang='lat' dir='ltr'>tributa</span> <span class='ocrx_word' id='word_1_326' title='bbox 611 3823 684 3893; x_wconf 87' lang='lat' dir='ltr'>(orta</span> <span class='ocrx_word' id='word_1_327' title='bbox 696 3825 726 3873; x_wconf 84' lang='lat' dir='ltr'>A.</span> <span class='ocrx_word' id='word_1_328' title='bbox 741 3827 772 3876; x_wconf 93' lang='lat' dir='ltr'>U.</span> <span class='ocrx_word' id='word_1_329' title='bbox 790 3821 871 3893; x_wconf 84' lang='lat'>263),</span> <span class='ocrx_word' id='word_1_330' title='bbox 918 3825 976 3893; x_wconf 83' lang='lat' dir='ltr'>quis</span> <span class='ocrx_word' id='word_1_331' title='bbox 986 3819 1019 3872; x_wconf 87' lang='lat' dir='ltr'>de</span> <span class='ocrx_word' id='word_1_332' title='bbox 1032 3823 1062 3872; x_wconf 90' lang='lat' dir='ltr'>iis</span> <span class='ocrx_word' id='word_1_333' title='bbox 1071 3834 1165 3893; x_wconf 88' lang='lat' dir='ltr'>postea</span> <span class='ocrx_word' id='word_1_334' title='bbox 1174 3818 1208 3872; x_wconf 90' lang='lat' dir='ltr'>ad</span> <span class='ocrx_word' id='word_1_335' title='bbox 1218 3821 1343 3874; x_wconf 83' lang='lat' dir='ltr'>Senatum</span> <span class='ocrx_word' id='word_1_336' title='bbox 1353 3821 1418 3875; x_wconf 83' lang='lat' dir='ltr'>refe-</span> 
     </span>
     <span class='ocr_line' id='line_1_38' title="bbox 370 3899 1420 3978; baseline -0.004 -20"><span class='ocrx_word' id='word_1_337' title='bbox 370 3927 457 3977; x_wconf 87' lang='lat' dir='ltr'>neque</span> <span class='ocrx_word' id='word_1_338' title='bbox 471 3907 595 3978; x_wconf 86' lang='lat' dir='ltr'>princeps</span> <span class='ocrx_word' id='word_1_339' title='bbox 607 3901 775 3956; x_wconf 84' lang='lat' dir='ltr'>sacerdotum</span> <span class='ocrx_word' id='word_1_340' title='bbox 790 3905 815 3954; x_wconf 93' lang='lat' dir='ltr'>in</span> <span class='ocrx_word' id='word_1_341' title='bbox 829 3921 872 3954; x_wconf 91' lang='lat' dir='ltr'>co·</span> <span class='ocrx_word' id='word_1_342' title='bbox 918 3914 973 3964; x_wconf 88' lang='lat' dir='ltr'>rat,</span> <span class='ocrx_word' id='word_1_343' title='bbox 992 3919 1057 3952; x_wconf 82' lang='lat' dir='ltr'>neve</span> <span class='ocrx_word' id='word_1_344' title='bbox 1075 3919 1134 3952; x_wconf 88' lang='lat' dir='ltr'>eum</span> <span class='ocrx_word' id='word_1_345' title='bbox 1154 3899 1256 3971; x_wconf 89' lang='lat' dir='ltr'>populo</span> <span class='ocrx_word' id='word_1_346' title='bbox 1276 3914 1352 3970; x_wconf 59' lang='lat' dir='ltr'>agam</span> <span class='ocrx_word' id='word_1_347' title='bbox 1373 3905 1420 3974; x_wconf 90' lang='lat' dir='ltr'>qui</span> 
     </span>
     <span class='ocr_line' id='line_1_39' title="bbox 369 3977 1418 4055; baseline -0.004 -20"><span class='ocrx_word' id='word_1_348' title='bbox 369 3986 460 4050; x_wconf 85' lang='lat' dir='ltr'>mitiis,</span> <span class='ocrx_word' id='word_1_349' title='bbox 474 4001 529 4055; x_wconf 80' lang='lat' dir='ltr'>quae</span> <span class='ocrx_word' id='word_1_350' title='bbox 540 3986 595 4035; x_wconf 85' lang='lat' dir='ltr'>aine</span> <span class='ocrx_word' id='word_1_351' title='bbox 609 3983 733 4053; x_wconf 86' lang='lat' dir='ltr'>auspiciis</span> <span class='ocrx_word' id='word_1_352' title='bbox 746 3981 872 4033; x_wconf 79' lang='lat' dir='ltr'>baberen-</span> <span class='ocrx_word' id='word_1_353' title='bbox 917 3977 1238 4040; x_wconf 83' lang='lat' dir='ltr'>aliterfecerit,Senatum</span> <span class='ocrx_word' id='word_1_354' title='bbox 1244 3979 1418 4043; x_wconf 82' lang='lat' dir='ltr'>existumare,</span> 
     </span>
     <span class='ocr_line' id='line_1_40' title="bbox 369 4056 1418 4129; baseline -0.005 -14"><span class='ocrx_word' id='word_1_355' title='bbox 369 4077 421 4129; x_wconf 87' lang='lat' dir='ltr'>tur,</span> <span class='ocrx_word' id='word_1_356' title='bbox 440 4077 543 4114; x_wconf 85' lang='lat' dir='ltr'>creatus</span> <span class='ocrx_word' id='word_1_357' title='bbox 563 4082 619 4114; x_wconf 89' lang='lat' dir='ltr'>esse</span> <span class='ocrx_word' id='word_1_358' title='bbox 640 4060 752 4115; x_wconf 77' lang='lat' dir='ltr'>ridetur.</span> <span class='ocrx_word' id='word_1_359' title='bbox 772 4061 871 4112; x_wconf 87' lang='lat' dir='ltr'>Contra</span> <span class='ocrx_word' id='word_1_360' title='bbox 917 4077 976 4110; x_wconf 89' lang='lat' dir='ltr'>eum</span> <span class='ocrx_word' id='word_1_361' title='bbox 996 4071 1087 4109; x_wconf 89' lang='lat' dir='ltr'>contra</span> <span class='ocrx_word' id='word_1_362' title='bbox 1105 4056 1243 4128; x_wconf 81' lang='lat' dir='ltr'>Rsmpubl.</span> <span class='ocrx_word' id='word_1_363' title='bbox 1263 4071 1289 4109; x_wconf 89' lang='lat' dir='ltr'>et</span> <span class='ocrx_word' id='word_1_364' title='bbox 1305 4058 1418 4112; x_wconf 87' lang='lat' dir='ltr'>salutem</span> 
     </span>
     <span class='ocr_line' id='line_1_41' title="bbox 368 4137 1418 4214; baseline -0.003 -20"><span class='ocrx_word' id='word_1_365' title='bbox 368 4141 508 4214; x_wconf 88' lang='lat' dir='ltr'>probabile</span> <span class='ocrx_word' id='word_1_366' title='bbox 520 4155 571 4205; x_wconf 88' lang='lat' dir='ltr'>est,</span> <span class='ocrx_word' id='word_1_367' title='bbox 583 4141 713 4212; x_wconf 86' lang='lat' dir='ltr'>populum</span> <span class='ocrx_word' id='word_1_368' title='bbox 726 4138 871 4192; x_wconf 85' lang='lat' dir='ltr'>secundum</span> <span class='ocrx_word' id='word_1_369' title='bbox 916 4140 1034 4190; x_wconf 90' lang='lat' dir='ltr'>omnium</span> <span class='ocrx_word' id='word_1_370' title='bbox 1053 4139 1216 4190; x_wconf 78' lang='lat' dir='ltr'>facturum·</span> <span class='ocrx_word' id='word_1_371' title='bbox 1234 4137 1315 4190; x_wconf 85' lang='lat' dir='ltr'>Paulo</span> <span class='ocrx_word' id='word_1_372' title='bbox 1332 4139 1418 4191; x_wconf 82' lang='lat' dir='ltr'>diver·</span> 
     </span>
     <span class='ocr_line' id='line_1_42' title="bbox 369 4216 1415 4292; baseline -0.006 -16"><span class='ocrx_word' id='word_1_373' title='bbox 369 4222 490 4276; x_wconf 85' lang='lat' dir='ltr'>tributio</span> <span class='ocrx_word' id='word_1_374' title='bbox 503 4238 625 4289; x_wconf 81' lang='lat' dir='ltr'>campum</span> <span class='ocrx_word' id='word_1_375' title='bbox 636 4223 811 4292; x_wconf 85' lang='lat' dir='ltr'>processisse,</span> <span class='ocrx_word' id='word_1_376' title='bbox 822 4219 870 4270; x_wconf 86' lang='lat' dir='ltr'>ibi·</span> <span class='ocrx_word' id='word_1_377' title='bbox 916 4237 971 4272; x_wconf 81' lang='lat' dir='ltr'>sam</span> <span class='ocrx_word' id='word_1_378' title='bbox 980 4219 1035 4288; x_wconf 78' lang='lat' dir='ltr'>ejus</span> <span class='ocrx_word' id='word_1_379' title='bbox 1043 4219 1197 4270; x_wconf 86' lang='lat' dir='ltr'>sententiam</span> <span class='ocrx_word' id='word_1_380' title='bbox 1209 4216 1274 4270; x_wconf 84' lang='lat' dir='ltr'>dant</span> <span class='ocrx_word' id='word_1_381' title='bbox 1283 4217 1415 4272; x_wconf 85' lang='lat' dir='ltr'>Plutarch.</span> 
     </span>
    </p>
   </div>
   <div class='ocr_carea' id='block_1_4' title="bbox 0 0 1566 5134">
    <p class='ocr_par' dir='ltr' id='par_1_5' title="bbox 0 0 1566 5134">
     <span class='ocr_line' id='line_1_43' title="bbox 0 0 1566 5134; baseline 0 5"><span class='ocrx_word' id='word_1_382' title='bbox 0 0 1566 5134; x_wconf 95' lang='lat' dir='ltr'> </span> 
     </span>
    </p>
   </div>
  </div>
 </body>
</html>
