3036 5128
367 609 410 674 9⁰
737 587 775 651 C.
800 585 1033 651 SUETONll

367 712 498 778 Asinius
520 707 626 778 Pellio
642 735 686 778 ne
704 725 838 803 tempus
858 709 995 806 quiden
1010 707 1231 779 concionandi
1251 707 1402 776 habuisse

365 843 444 890 eum
455 819 551 902 dicit,
564 820 674 890 subita
685 821 833 890 hostiurn
844 825 1045 890 incurnone.

411 933 498 998 LVI.
524 926 671 1026 Reliquit
690 945 724 997 et
743 953 857 998 rerum
880 953 1019 1000 suarum
1041 933 1317 1011 commentarios,
1332 929 1401 998 Gal·

365 1039 419 1108 lici
429 1036 604 1133 civilisque
618 1038 697 1106 belli
709 1043 914 1134 Pompeiani.
932 1047 1016 1108 Nam
1030 1038 1283 1124 ¹slexsndrrni,
1299 1039 1403 1106 Africi

364 1171 432 1242 que
453 1163 489 1216 et
510 1152 762 1242 Hispaniensis,
784 1154 931 1218 incertus
953 1165 1070 1218 auctor
1091 1166 1153 1218 est.
1179 1149 1242 1220 Alii
1261 1151 1403 1241 Oppitm

366 1271 505 1351 putant,
519 1257 575 1326 alii
590 1261 752 1343 Hirtiumr
764 1262 827 1353 qui
834 1261 935 1326 etiarn
944 1258 1083 1328 Gnllioi²
1098 1259 1178 1328 belli
1189 1259 1403 1326 novissimam

365 1365 667 1462 imperfectumque
694 1367 818 1436 librum
844 1366 1059 1461 suppleverit.
1089 1372 1140 1434 De
1164 1368 1403 1434 commentariis
1505 1370 1506 1377 ’

365 1478 480 1546 Cicero
495 1480 530 1546 in
547 1476 666 1546 eodem
686 1475 810 1546 ³Bruto
820 1481 874 1546 sic
890 1478 1009 1548 refert:
1030 1479 1324 1546 «Commentarios
1335 1479 1405 1543 stri·

365 1587 556 1680 psit,valde
565 1590 702 1685 quidem
712 1587 1014 1682 probandosznudi
1024 1593 1255 1670 sunt‚reetiet
1262 1590 1404 1670 venusti,

366 1701 590 1766 osoniomatu
598 1702 775 1782 orationis,
786 1697 1246 1795 tanquamvestelrletracts:
1260 1698 1405 1767 seddurn

366 1807 487 1891 voluit,
504 1808 588 1876 alios
606 1807 731 1877 hahere
745 1825 879 1903 perata,
896 1810 988 1878 unde
1005 1826 1193 1892 sumerent,
1211 1812 1269 1905 qni
1287 1807 1408 1878 vellent

367 1918 511 1987 scribere
525 1918 713 2004 historiam,
731 1925 852 2015 ineptis
869 1937 1002 2015 gratum
1013 1921 1157 1990 fortasse
1168 1921 1262 2000 fecit,
1278 1925 1339 2016 qui
1355 1919 1405 1987 ills

367 2029 480 2098 volem
502 2031 721 2102 calamistris⁵
747 2037 904 2116 inurere,
928 2057 1028 2103 sanos
1052 2031 1191 2130 quidem
1214 2032 1406 2102 hominess

367 2140 544 2209 scribendo
563 2140 763 2213 deterruitr
788 2152 837 2234 De
858 2143 976 2213 iisdem
996 2145 1244 2212 commentariis
1264 2140 1407 2210 ⁶Hirtius

367 2372 442 2444 (cap.
459 2369 518 2443 36).
532 2403 568 2412 -
586 2373 625 2428 De
639 2375 729 2428 Asinio
743 2376 867 2430 Pollione
911 2388 972 2448 post
992 2394 1075 2446 supro
1095 2376 1236 2426 excitatum
1258 2372 1336 2444 (cap
1354 2369 1407 2441 55).

367 2451 440 2502 conl.
453 2450 489 2503 ad
501 2470 559 2522 cap.
571 2451 614 2505 30.
947 2453 972 2520 4.
990 2455 1122 2506 Detracta.
1137 2451 1215 2504 Multi
1228 2449 1273 2502 hic
1287 2465 1316 2503 et
1329 2453 1356 2502 in
1369 2449 1409 2500 Gi·

401 2526 465 2582 Lvl.
489 2545 511 2579 1.
529 2529 601 2582 Nam
620 2529 861 2583 Alexandrini...
911 2535 1015 2586 ceronis
1035 2532 1097 2585 loco
1115 2545 1209 2584 contra
1229 2529 1315 2583 libros
1333 2527 1411 2581 edunt
1511 2559 1512 2574 ι

367 2607 624 2663 incertrtsauctorest.
633 2609 699 2662 Vide
708 2623 867 2682 quaenotstu
910 2611 1041 2677 detracto,
1060 2631 1092 2664 ex
1105 2609 1207 2681 subpari
1221 2621 1363 2682 syntaxeos
1373 2625 1410 2658 re-

366 2684 486 2740 dedimus
497 2701 557 2741 ante
567 2687 669 2761 singula
678 2688 734 2742 ltere
743 2689 828 2758 bella,
838 2691 865 2741 in
910 2692 982 2763 gula.
995 2691 1047 2744 Sed
1058 2692 1144 2744 rarius
1156 2688 1262 2742 dicendi
1273 2707 1359 2761 genus
1369 2685 1411 2738 de·

366 2765 434 2816 Edit.
450 2766 529 2838 hujus
540 2768 657 2835 Cesare,
672 2780 736 2822 torn.
750 2770 789 2835 11,
804 2767 865 2822 coll.
910 2769 996 2824 lendis
1006 2768 1131 2824 Oudend.
1148 2766 1214 2820 locis
1228 2765 1336 2819 Comei.
1347 2765 1411 2836 Nep.
1512 2809 1513 2846 1

366 2847 442 2896 Voss.
456 2846 490 2898 de
506 2849 602 2899 Histor.
617 2849 675 2900 Lat.
911 2849 1039 2902 Themist.
1053 2865 1088 2918 7,
1105 2865 1189 2898 «num
1201 2844 1309 2898 illorum
1324 2843 1412 2895 urbem
1511 2849 1513 2894 ἑ

402 2939 426 2973 a.
448 2923 548 2978 Gallici
560 2924 623 2977 belli
636 2925 809 2979 noobsimttm.
824 2925 865 2979 Cf.
912 2942 940 2980 ut
954 2925 1185 3000 propugnaculum
1197 2943 1254 2978 esse
1268 2921 1413 2996 oppositum
1512 2927 1513 2934 ³

365 2999 494 3053 Dodrsell.
509 3003 645 3055 Dissertat.
660 3002 693 3055 de
708 3017 818 3056 auctore
832 3005 866 3057 li·
911 3003 1044 3066 barbaris;
1054 3029 1064 3050 ι
1074 3004 1163 3068 Liv.1‚
1173 3019 1202 3054 αι
1214 3041 1223 3070 ,
1233 3013 1413 3064 scastra‚noo
1509 3061 1513 3086 1

366 3080 407 3131 bri
415 3081 474 3132 Vlll
484 3078 517 3131 de
527 3080 591 3133 Bell.
601 3081 669 3134 Gall.
680 3081 758 3150 (Cas.
771 3096 834 3135 torn.
842 3086 867 3150 l,
914 3083 1020 3149 urbem,
1032 3083 1145 3153 positam
1157 3083 1184 3134 in
1196 3079 1294 3132 medio.
1307 3102 1318 3126 ι
1341 3077 1413 3129 Plurt

368 3177 427 3228 pag.
442 3159 494 3228 398
509 3158 624 3212 Edition.
638 3163 758 3232 nostre).
769 3191 805 3200 -
818 3165 867 3214 ero
914 3161 1036 3234 exempla
1047 3161 1112 3213 dant
1128 3162 1283 3234 interpretes
1297 3156 1363 3210 adl.
1376 3173 1414 3220 c.,

364 3234 530 3308 suppleverit.
545 3237 650 3290 Mulier.
665 3239 693 3290 in
707 3239 817 3294 Observ.
830 3240 869 3294 le·
914 3254 940 3293 et
956 3241 1119 3312 grammatici
1138 3239 1173 3292 sd
1188 3239 1321 3312 liguram,
1338 3253 1414 3306 quarn

365 3313 481 3386 flendum
493 3330 583 3368 censet
594 3315 736 3388 supplevit,
746 3337 827 3390 quum
837 3338 868 3372 ex
913 3323 1027 3392 Zeugma
1038 3318 1181 3392 appellant.
1193 3318 1304 3381 Postea,
1314 3333 1365 3386 pro
1372 3332 1415 3386 pa·

366 3392 551 3466 sequentibus,
562 3393 601 3444 De
610 3393 700 3446 iisdem
707 3408 867 3448 commenta·
913 3411 983 3466 rata,
996 3396 1030 3450 al.
1041 3409 1173 3468 paratam.

367 3471 410 3524 riis
421 3469 522 3524 Hirtius
534 3471 570 3522 ita
580 3471 717 3542 praedicat,
733 3489 868 3528 auctorem
948 3475 973 3530 5.
991 3475 1149 3533 calamistris
1162 3475 1274 3526 inurere.
1284 3473 1325 3526 Ita
1335 3472 1415 3535 infra,

366 3550 399 3603 de
411 3551 497 3606 Hirtio
509 3569 564 3602 non
574 3548 710 3603 dubitasse
721 3564 820 3623 pateat.
833 3549 868 3606 At
912 3559 980 3627 Aug.
994 3555 1041 3624 86,
1055 3553 1208 3608 Maecenetis
1223 3551 1352 3604 dicuntur
1363 3552 1417 3602 cirr-

274 3659 276 3664 ·
367 3630 393 3682 lr.
409 3629 428 3683 l.
445 3632 559 3702 scriptor·
574 3631 600 3680 in
617 3629 785 3684 recensendis
802 3629 867 3682 alio-
912 3635 985 3685 cinai
989 3651 1074 3704 ,quos
1085 3646 1179 3684 auctor
1187 3629 1256 3682 Disl.
1266 3627 1299 3680 de
1309 3629 1414 3682 Orator.

367 3727 425 3760 rurn
440 3703 613 3781 opinionibus
627 3705 714 3758 adhuc
731 3721 867 3772 versatur;
914 3713 960 3779 26,
970 3710 1148 3764 «calamistros
1158 3707 1330 3760 Mneenatisr
1340 3705 1417 3775 dicit,

368 3807 441 3839 suam
455 3789 482 3838 in
495 3783 669 3858 sequentibus
681 3783 779 3855 prodit.
913 3793 930 3841 i.
946 3808 969 3841 e.
988 3789 1071 3842 rerba
1087 3802 1192 3853 comta,
1207 3785 1242 3840 ad
1259 3788 1376 3838 nitorem
1393 3796 1418 3836 et

404 3865 428 3913 3.
448 3865 539 3916 Bruto.
553 3866 592 3916 lta
604 3861 774 3916 scribendum
785 3865 869 3915 vitum
913 3869 1036 3922 decorem
1050 3869 1193 3922 artificiose
1207 3868 1358 3920 efformata.

368 3954 408 3993 est
417 3945 555 4010 Torreat,
568 3942 698 4008 Casaub.,
709 3941 834 4012 aliisque,
843 3957 870 3994 et
949 3948 974 3998 6.
982 3947 1096 4012 Hirtius,-
1105 3951 1132 4001 in
1142 3949 1243 4020 praefat
1252 3947 1286 3998 ad
1294 3943 1418 3998 libsvm

368 4019 474 4074 edidere
488 4024 620 4088 Gronau,
640 4023 798 4086 Burmann,
811 4023 868 4074 Ou·
914 4024 947 4077 de
961 4026 1024 4078 Bell.
1036 4027 1106 4080 Gall.
1120 4027 1160 4080 lbi
1174 4037 1268 4100 postes
1280 4022 1419 4096 perfecerit

370 4097 551 4172 dendorpins,
571 4121 622 4174 pro
643 4101 717 4154 libro.
740 4099 868 4152 Codicum
914 4123 964 4175 pro
979 4107 1166 4178 perscripserit,
1179 4103 1251 4177 quod
1266 4102 1351 4156 habet
1363 4103 1406 4153 No

370 4181 555 4232 anctoritatem
569 4181 661 4234 laudat
674 4179 798 4233 Oudend.
818 4179 870 4232 Ge·
915 4195 975 4233 ster.
986 4185 1025 4235 De
1035 4203 1062 4234 re
1073 4185 1138 4238 Plin.
1149 4187 1215 4238 flisr.
1226 4186 1287 4236 Nat.
1295 4183 1361 4248 Vll,
1372 4179 1416 4232 25:

369 4256 869 4326 terum'‚locusoxstatllrur.75‚statirrr
919 4262 1031 4313 -Animi
1056 4265 1146 4334 rigore
1172 4263 1417 4336 praestantissimos!
