3122 5134
387 571 412 617 ιι
584 635 587 641 ,
782 553 1049 625 rearirro

386 698 441 775 tio
460 701 656 796 materiae,
682 727 806 805 quam
830 699 1123 781 eruditissimus
1148 710 1318 814 scriptor
1342 738 1440 820 sup·

383 838 603 946 peditabat,
624 843 830 948 egregium
850 840 1146 950 explanatorem
1167 847 1439 928 reddiderant.

437 985 566 1062 Immo
585 981 688 1061 illud
706 988 826 1062 etiarn
848 988 1029 1063 animum
1053 991 1178 1066 erexit
1201 973 1323 1100 atque
1336 1023 1438 1073 con-

381 1123 576 1225 firmavit,
608 1125 718 1232 quod
744 1155 897 1206 novum
918 1129 1035 1208 nobis
1058 1130 1283 1212 subsidium
1308 1139 1440 1215 conti·

379 1271 454 1376 git,
476 1268 586 1348 unde
609 1268 853 1377 singularem
870 1272 967 1349 huic
990 1272 1157 1351 editioni
1180 1279 1440 1356 commenda·

377 1415 529 1490 tionem
552 1441 800 1492 accessuram
820 1416 1107 1524 judicaremus.
1138 1419 1298 1500 Etenim
1326 1422 1437 1501 codi-

375 1553 603 1662 cemeanu
619 1576 843 1653 exaratum,
860 1586 882 1632 a
901 1558 1065 1634 nemine
1086 1577 1203 1634 antea
1222 1557 1434 1662 collatum,

375 1726 497 1804 quem
513 1702 806 1806 pretiosissimae
825 1728 959 1806 neque
980 1698 1079 1777 dum
1099 1703 1140 1777 in
1158 1700 1291 1781 lucem
1314 1705 1435 1784 editae

374 1839 580 1918 clarissimi
596 1840 853 1948 Wesselingii
866 1844 1145 1920 annotationes
1158 1840 1432 1946 illustrabant,

372 2015 419 2064 ex
432 1987 595 2064 Batavia
608 2016 691 2065 non
713 1986 905 2066 mediocri
919 1989 1092 2094 pecunia
1110 1993 1366 2086 accersitum,
1384 1993 1431 2069 in

372 2130 681 2208 commentando
695 2127 866 2207 feliciter
881 2129 1090 2207 adhibuim
1098 2159 1153 2206 us.

425 2273 589 2378 ltaque,
623 2293 831 2379 praeeunte
860 2293 899 2350 et
927 2257 1032 2350 riam
1061 2291 1309 2350 monstrante
1341 2277 1432 2380 ipso

370 2415 699 2522 BaumgarteuiO,
715 2415 765 2491 ad
781 2445 863 2492 rem
883 2417 1138 2511 accessimus,
1158 2414 1250 2491 «his
1269 2418 1429 2522 potissi-

375 2588 392 2627 «
405 2584 514 2630 mum
529 2551 685 2660 legibus
698 2559 938 2653 constitutis,
952 2576 998 2631 ut
1009 2574 1160 2631 textum
1175 2555 1224 2631 ad
1238 2577 1430 2661 praestan·
1530 2605 1536 2616 ·

374 2701 644 2776 ‹ztissimarum
657 2699 879 2778 editionum
891 2699 1426 2804 fidemcriticurnquequem

374 2837 594 2944 «ffexhibent
618 2861 870 2947 apparatum,
899 2869 1020 2945 quam
1045 2841 1260 2916 castissime
1283 2867 1425 2946 posse-

373 3016 390 3056 «
403 3012 508 3081 mus,
522 2983 775 3060 reddendum
789 3012 1032 3061 curaremus.
1047 3015 1064 3053 n
1082 2981 1160 3057 Sed
1172 2983 1267 3086 quia
1281 2980 1426 3058 maluit

370 3126 520 3224 editor,
552 3129 802 3236 antiquitatis
835 3129 1110 3235 peritissimus,
1146 3127 1425 3201 commentarii

261 3293 265 3300 ·
368 3266 502 3362 locum
518 3268 693 3348 historiae
709 3273 784 3377 ipsi
799 3289 838 3346 et
851 3268 1019 3347 aliorum
1036 3270 1290 3374 scriptorum,
1307 3266 1423 3344 Grae-

312 3511 315 3518 ¹
368 3441 507 3489 corum
526 3412 783 3521 plerumque,
801 3413 1074 3491 monumentis
1096 3410 1316 3507 destinare,
1337 3438 1422 3486 non

368 3552 482 3632 illum
497 3558 540 3631 in
555 3557 631 3634 hoc
650 3559 833 3662 sequuti,
853 3558 1008 3660 integra
1026 3573 1235 3630 auctorum
1251 3549 1338 3629 loca
1358 3580 1425 3627 su·

366 3699 613 3806 persedimus
631 3701 853 3778 exscribere
875 3730 883 3776 ε
904 3701 1130 3804 scriptores,
1152 3694 1276 3772 libros
1299 3714 1422 3800 atque

366 3845 548 3948 paginas,
570 3843 703 3948 quoad
726 3845 813 3950 ejus
832 3839 920 3918 fieri
944 3860 1119 3947 poterat,
1139 3837 1418 3914 indicavimus
1453 3898 1457 3904 .

367 3981 548 4088 Spatium
571 4003 725 4082 autem,
740 3981 848 4088 quod
871 3982 1083 4060 omissione
1096 3997 1154 4054 tot
1172 3977 1418 4080 fragmento·

367 4150 455 4197 rum
480 4122 659 4224 vacabat,
682 4125 786 4200 notis
807 4119 1147 4215 luculentissimis,
1171 4145 1192 4192 e
1213 4115 1417 4192 Casaubo-

312 4317 314 4324 ,
367 4269 691 4365 no‚Burmanno,
707 4267 894 4370 Egnatio,
907 4265 1106 4359 Ernestio,
1127 4256 1291 4356 Wolfio,
1311 4285 1416 4363 eque
