3140 5124
363 555 423 619 132
730 544 765 606 C.
792 539 1026 608 SUETONll

357 686 391 748 in
405 677 571 762 tutoribus
584 671 660 754 filii,
672 674 702 736 si
714 671 789 764 quis
801 666 864 734 sibi
876 681 1084 747 nasceretur,
1097 667 1298 745 nominavit3
1312 669 1408 732 Deci-

357 801 470 861 mum⁹
485 794 626 880 Brutum
639 784 739 848 etitun
752 782 788 847 in
802 775 958 846 secundis
972 775 1164 844 heredibus.
1183 777 1313 869 Populo
1329 777 1408 843 hor-

358 923 408 971 tos
419 911 443 939 ¹⁰
457 901 550 968 circa
572 891 722 960 Tiberim
739 887 892 984 publice,
908 902 946 954 et
964 889 1087 954 viritim
1109 902 1263 954 trecenos
1285 901 1409 954 sester-

358 1019 421 1082 tios
435 1011 467 1078 le
490 1008 567 1074 avit.

364 1185 367 1192 .
403 1034 577 1191 LXllXIV.
606 1121 759 1183 Funere¹
787 1111 932 1195 indicto,
957 1133 1060 1202 rogus
1082 1124 1273 1178 exstructus
1297 1123 1349 1174 est
1371 1109 1408 1173 in

357 1235 499 1306 Martio²
510 1252 634 1322 campo
647 1225 745 1320 juxta
762 1225 859 1290 Juliae
874 1223 1066 1291 tumulum:
1082 1236 1116 1288 et
1127 1243 1190 1312 pro
1202 1221 1332 1285 Rostris
1346 1242 1408 1283 au-

357 1361 430 1414 rata
446 1337 612 1414 aedes,ad³
628 1333 846 1404 simulacrum
857 1333 974 1426 templi
986 1333 1126 1400 Veneris
1138 1330 1324 1396 Genetricis
1337 1327 1409 1394 col-

357 1459 482 1537 locata3
496 1455 651 1544 intraque
664 1445 789 1514 tlectus
804 1443 991 1528 eburneus,
1007 1468 1091 1512 euro
1104 1465 1145 1509 ac
1156 1463 1311 1534 purpura
1324 1457 1409 1504 stra-

358 1589 428 1651 tus,
445 1581 479 1634 et
494 1563 537 1630 ad
551 1577 654 1656 caput
668 1576 835 1652 tropaeum
851 1573 1050 1640 cumveste,
1065 1558 1101 1622 in
1117 1579 1186 1650 qua
1198 1553 1310 1620 firerat
1321 1552 1410 1617 occi·

355 1735 502 1808 pluresque.
510 1729 585 1779 -In
597 1722 721 1778 tutoribus
723 1719 795 1796 filii,
807 1735 857 1775 etc.

358 1818 475 1865 litrorenr
485 1810 593 1874 Dionis,
605 1805 655 1856 ltos
666 1815 768 1855 tutores
777 1804 860 1854 Octa·

356 1895 399 1944 vio
417 1890 577 1942 constitutos
597 1882 744 1947 tradentis,
765 1881 859 1946 XLIV,

358 1970 408 2037 35,
418 1978 547 2018 notarunt
559 1965 607 2015 viri
619 1960 701 2012 docti.

388 2067 418 2118 9.
438 2045 574 2098 Decimum
582 2042 691 2093 Brutum
699 2037 777 2089 eliam
788 2037 816 2088 in
823 2055 860 2088 se-

358 2127 449 2180 cuudis
460 2121 598 2174 heredibus.
609 2118 650 2169 Cf.
664 2116 729 2167 Plut.
741 2115 804 2167 Caes.
813 2113 859 2186 64.

357 2209 427 2261 Flor.
436 2207 480 2266 lV,
490 2205 519 2272 4,
529 2201 673 2253 Antonium
681 2199 759 2248 etiem
768 2213 861 2248 secun-

358 2287 423 2340 dum
433 2283 558 2337 heredem
570 2279 679 2331 Coeseris
691 2275 763 2327 dicit.
775 2261 860 2326 illimi-

359 2387 418 2420 rum
432 2365 547 2418 scribere
560 2358 680 2413 solebant
694 2355 805 2406 Rotnani
820 2353 862 2405 vel

359 2448 518 2500 substituere
529 2439 651 2496 secundos
662 2449 688 2488 et
698 2434 783 2487 tertios
793 2433 861 2484 ltere·

358 2529 414 2594 des,
433 2527 479 2599 qui
493 2520 666 2577 succederent
682 2517 712 2566 in
729 2511 863 2566 heredita-

359 2622 426 2673 tem,
435 2608 457 2658 si
467 2606 554 2676 primo
564 2598 625 2650 loco
635 2588 748 2647 institu'ti
757 2589 863 2642 beredi-

359 2701 442 2739 tatem
456 2699 562 2735 cernere
577 2689 603 2730 et
617 2674 689 2727 edire
702 2671 861 2734 noluissent,

359 2766 399 2819 rel
409 2777 469 2816 ante
475 2775 578 2812 aetutem
586 2769 716 2808 maturam
725 2751 861 2803 obiissent.

358 2843 438 2896 Geni.
449 2841 563 2911 Appiae.
572 2837 609 2902 ΙΙ,
623 2832 680 2899 143.
689 2829 793 2884 Sallust.
802 2829 862 2896 lug.

360 2921 394 2976 65
404 2944 410 2974 :
424 2943 435 2967 α
445 2937 526 2991 quem
535 2916 646 2984 Micipsa
656 2921 812 2963 testamento
823 2925 864 2960 se-

361 2999 478 3055 eundum
490 2993 616 3047 heredem
626 2991 803 3062 scripserat„
818 2986 865 3037 utu

360 3083 419 3136 ride
429 3073 649 3131 Curtium'lecit.
661 3069 756 3121 Annei.
766 3071 790 3134 1,
798 3069 828 3134 8,
836 3067 865 3118 iu

360 3178 431 3236 spem
444 3153 582 3212 secuudum
595 3163 621 3202 et
634 3150 707 3201 tertio
722 3147 806 3220 produ
818 3144 865 3197 he·

362 3239 439 3294 redes
451 3234 566 3289 scribere
578 3228 651 3280 dicit.
722 3259 724 3262 .

402 3337 441 3372 to.
459 3311 564 3386 Populo
574 3309 698 3361 hortos...
708 3313 820 3356 trecenos
830 3319 866 3353 se·

361 3401 459 3456 stertios
467 3393 570 3469 lepavit.
579 3387 656 3440 Conf.
665 3382 698 3435 ed
708 3381 734 3432 h.
746 3381 764 3432 l.
776 3383 867 3432 Buum-

362 3493 427 3554 gart.
440 3505 477 3518 -
487 3473 583 3526 Hortos
594 3468 663 3520 circa
678 3460 798 3514 Tiberim.
812 3461 867 3510 Ho-

363 3574 411 3614 rat.
425 3556 471 3609 lib.
484 3557 509 3618 Ι,
521 3551 574 3604 Sat.
589 3567 620 3618 9,
634 3545 673 3598 18.

361 3641 427 3684 Trans
433 3631 525 3676 Tiberim
532 3629 592 3682 longe
598 3623 659 3666 mbut
665 3621 708 3672 hic,
717 3615 867 3676 propeccatis

416 3701 493 3742 hortos.

363 3793 398 3806 --
412 3757 522 3814 Publice
534 3765 575 3806 cst
586 3750 621 3802 od
631 3759 796 3800 communem
811 3758 867 3790 om-

363 3815 868 3902 ciumruumroppou.viritim—Valet

364 3919 416 3979 hoc
424 3914 496 3987 apud
502 3917 635 3966 torruit
644 3903 730 3975 (Mori
737 3900 768 3952 tle
778 3897 867 3961 Cesar,

366 4010 416 4050 aet.
433 3996 481 4060 111,
496 4011 532 4044 sc.
548 3985 613 4056 ult.)
632 3983 667 4035 ad
680 3973 867 4033 concitandam

365 4077 474 4136 Caesaris
492 4065 710 4124 interfectoribus
726 4059 866 4124 invidiam,

366 4158 412 4216 ubi
426 4155 571 4208 Antonius:

618 4228 701 4258 ...vom
707 4208 866 4268 quim'iccutez,

366 4284 478 4336 turstttu
484 4297 516 4327 scs
522 4279 593 4324 eniam
599 4275 650 4320 daus
657 4289 694 4318 son
700 4287 754 4314 ooeur
760 4267 849 4325 adeptis.

902 1719 1053 1763 uetustum
1059 1712 1349 1762 seviermrolontedemiere!

1095 1781 1206 1822 Romus.

903 1843 976 1903 Quelle
983 1842 1061 1887 estelle
1067 1847 1074 1882 2
1081 1840 1154 1899 perles.

1100 1903 1210 1944 morus.

1147 1963 1212 2005 horne
1218 1969 1250 2004 est
1256 1973 1293 2002 son
1301 1959 1410 2002 terruere:

904 2031 941 2072 Ses
947 2028 1021 2072 trisors
1026 2033 1117 2070 sontros
1122 2025 1191 2076 bicns;
1202 2039 1252 2066 vous
1259 2037 1284 2064 eu
1291 2021 1411 2076 alletjonir.

905 2091 986 2134 dtr-deli
993 2091 1021 2132 du
1027 2090 1125 2132 tombseu
1132 2087 1193 2130 cem
1199 2096 1247 2127 vent
1254 2099 1305 2126 rsus
1310 2085 1383 2126 servir.

941 2161 1078 2216 LXXXIV.
1092 2159 1228 2230 {stirpem
1238 2155 1336 2206 indicto
1343 2177 1352 2215 ;
1363 2174 1412 2226 per

905 2262 1052 2316 preconem
1067 2257 1180 2310 nempe,
1200 2235 1272 2310 quod
1286 2235 1369 2287 fiebat
1382 2237 1412 2286 in

906 2321 1035 2374 nobilium
1049 2320 1195 2374 funeribus.
1210 2317 1303 2370 Tacita
1314 2316 1413 2366 funera

907 2401 1065 2454 dicebantur
1083 2400 1204 2470 vulgaria
1222 2415 1270 2449 scu
1288 2413 1413 2447 commu-

906 2484 965 2546 nia,
978 2484 996 2533 i.
1009 2501 1033 2532 e.
1045 2479 1182 2532 hominum
1197 2475 1231 2528 de
1244 2473 1334 2546 plebe.
1350 2475 1412 2524 llaec

906 2575 987 2615 noctu
996 2559 1206 2614 deducebantur.
1215 2555 1281 2608 Vide
1291 2553 1411 2605 Kirchm.

906 2640 940 2694 de
953 2644 1020 2692 Fun.
1035 2642 1111 2690 Rom.
1127 2640 1153 2702 Ι,
1167 2655 1230 2708 pag.
1246 2653 1286 2704 ¹9·

944 2744 968 2777 n.
987 2727 1021 2776 In
1039 2725 1138 2776 Martio
1156 2739 1266 2792 camp05
1285 2718 1333 2770 ubi
1353 2738 1414 2770 ere-

908 2803 1021 2858 mandus
1037 2817 1092 2856 erat
1104 2814 1225 2854 mortuus
1240 2813 1303 2871 post
1318 2797 1415 2851 lauda-

908 2889 1008 2938 tionem
1020 2887 1047 2936 iu
1057 2887 1133 2950 foro,
1145 2881 1218 2957 quod
1230 2895 1324 2954 postea
1336 2899 1415 2934 secus

910 2965 1014 3019 accidit.
1029 2995 1065 3006 -
1075 2965 1159 3016 Juxta
1171 2961 1253 3016 Julioe
1266 2960 1397 3012 umatum
1403 2983 1414 3021 ,-

909 3046 967 3098 iilic
980 3045 1105 3111 cesarie,
1122 3042 1213 3094 uxoris
1230 3041 1366 3111 Pompeii,
1378 3039 1415 3090 tle

909 3127 985 3194 cujus
999 3136 1085 3175 morte
1099 3123 1158 3174 ride
1171 3139 1229 3192 cap.
1247 3119 1289 3171 26.
1302 3117 1415 3188 Sepultn

910 3202 964 3255 haec
974 3205 1001 3254 in
1013 3219 1108 3271 campo
1118 3201 1215 3250 Martio
1225 3211 1318 3249 contra
1328 3199 1416 3266 majo-

911 3299 970 3334 rum
979 3282 1110 3332 instituta.
1118 3277 1158 3328 cf.
1166 3277 1228 3342 Dio,
1234 3273 1414 3340 xiimus.

947 3367 973 3418 3.
992 3365 1036 3416 Ae
1044 3361 1228 3422 simulacrum
1244 3360 1277 3412 ad
1291 3358 1415 3411 similitu-

912 3445 1016 3511 dinem,
1036 3442 1070 3495 ad
1088 3443 1210 3493 formum.
1226 3440 1269 3492 Ita
1281 3440 1353 3492 Flor.
1368 3441 1416 3505 Ν,

914 3543 942 3589 2,
954 3523 1001 3586 88,
1015 3520 1071 3572 aad
1080 3518 1249 3574 simulacrum
1259 3521 1363 3591 iquium
1374 3536 1416 3569 ar-

912 3600 1102 3656 denstberus.
1114 3623 1126 3647 ι
1143 3599 1280 3665 Ceterum,
1297 3599 1417 3669 pertine-

912 3681 957 3734 bat
971 3679 1023 3732 hoc
1038 3677 1073 3730 ad
1084 3677 1192 3730 caesaris
1206 3673 1351 3728 uiridium.

947 3769 972 3835 4.
992 3765 1096 3826 lecim
1109 3767 1153 3837 qui
1163 3763 1226 3816 alias
1232 3763 1363 3835 feretrum
1376 3759 1418 3813 di-

911 3849 989 3913 citur,
1000 3843 1042 3898 rel
1054 3853 1135 3904 torus,
1149 3862 1194 3895 seu
1206 3841 1305 3895 lectica.
1318 3839 1358 3892 td
1371 3859 1417 3892 cn-

911 3941 961 3999 put
978 3925 1058 3996 hujus
1072 3923 1135 3976 lecti
1149 3936 1205 3975 erat
1220 3933 1343 3994 tropeum
1361 3923 1417 3972 sire

911 4005 1026 4077 lignum,
1043 4006 1087 4056 cui
1100 4005 1177 4056 vestis
1193 4017 1329 4071 suspense.
1344 4002 1416 4051 Tro-

912 4103 969 4158 paea
983 4085 1052 4136 enim
1066 4099 1183 4136 veterum
1197 4091 1272 4133 erant
1286 4079 1359 4150 ligna
1374 4078 1418 4130 vel

912 4162 1269 4236 lepiiles,quibustictorum
1276 4175 1417 4211 armastis-

913 4240 1105 4316 pendebantur.
