3122 5134
518 542 556 608 C.
578 540 830 608 SUETONII.
1134 561 1198 608 ω

140 664 229 725 vlu.
246 665 467 727 Commentarii
480 664 521 726 ad
535 685 625 726 usum
636 687 698 727 exc.
711 665 841 726 Comitis
855 663 1029 727 Vimecsani
1043 667 1081 728 D.
1094 667 1132 727 Ι).
1146 671 1200 730 Jo-

142 761 235 844 sepbi
248 762 477 844 portugalensis
488 784 542 846 per
553 764 680 823 Petrum
694 761 865 822 Almeidam
881 763 945 824 Soc.
960 765 1019 824 Jes.
1033 765 1199 846 HagaaCo-
1220 827 1223 834 Δ

144 859 278 935 mitum,
295 860 379 942 apud
395 861 469 920 Adr.
482 859 635 942 Moetjens.
647 858 677 935 Ι.
689 856 822 919 -Nihil
836 858 945 935 habet,
960 875 1070 942 praeter
1084 863 1200 945 compi-

143 956 276 1046 lationes
286 961 480 1042 superiorum
491 961 800 1033 commentariorum,
810 958 990 1020 [eticorum
1002 961 1074 1020 item
1085 975 1114 1023 et
1125 961 1201 1024 alio·

145 1076 219 1114 rum
231 1055 385 1116 librorum
397 1055 435 1117 de
448 1056 537 1116 rebus
549 1055 746 1136 antiquariis,
759 1067 814 1115 etc.

192 1158 277 1238 1732.
293 1191 330 1201 -
347 1159 426 1217 Cum
441 1155 570 1236 anglica
588 1155 729 1214 versione
746 1155 794 1214 Jo.
809 1151 929 1215 Clarke.
949 1155 1096 1219 Londini.
1112 1159 1141 1218 8.
1161 1193 1200 1205 -

146 1251 219 1312 vid.
235 1251 317 1314 infra
330 1273 420 1314 veras.
432 1254 521 1335 Angi.
535 1251 565 1313 ir.
580 1274 607 1313 a.
805 1249 807 1256 ’

193 1351 278 1432 ι736.
292 1354 326 1412 C.
338 1353 501 1414 Suetonius
512 1351 726 1434 Tranquillus,
738 1373 811 1412 cum
823 1353 902 1413 notis
914 1353 1040 1433 integris
1051 1357 1102 1414 Jo.
1113 1355 1199 1436 Bapt.

147 1449 290 1528 Egnatii,
306 1451 400 1510 Henr.
416 1449 577 1523 Glareani,
593 1450 711 1508 Laeviui
724 1449 896 1525 Torrentii,
912 1450 1012 1510 Fulvii
1030 1451 1149 1527 Ursini,
1162 1452 1201 1512 Is.

147 1547 342 1622 casauboni,
354 1549 427 1608 Jani
442 1548 580 1622 Gruteri,
590 1546 708 1607 Theod.
721 1547 867 1623 Marcilii,
882 1550 929 1608 Jo.
945 1548 1057 1630 Georg.
1071 1549 1202 1626 Graevii,

147 1643 221 1704 Car.
234 1645 351 1722 Patini,
364 1658 394 1705 et
407 1645 521 1705 selectis
534 1645 676 1706 aliorum.
690 1647 824 1707 Curante
839 1648 930 1707 Petro
940 1647 1135 1726 Bnrmanno,
1149 1651 1202 1730 qui

147 1757 181 1803 et
191 1764 261 1804 suas
274 1746 492 1804 annotationes
504 1744 623 1827 adjecit.
634 1744 799 1805 Amstelod.
811 1767 859 1828 ap.
870 1745 1204 1808 Janssonio-Waesber·

148 1843 230 1923 gios.
244 1863 260 1901 2
273 1843 347 1902 voli.
360 1841 390 1918 4.
400 1878 438 1890 -
449 1845 486 1904 ln
498 1856 580 1904 textu
593 1844 824 1920 concinnando,
839 1843 903 1904 basi
914 1842 996 1904 facta
1010 1866 1027 1904 e
1039 1845 1204 1907 Gratiana

148 1939 309 2023 exemplo,
328 1941 470 2024 pluribus
489 1942 624 2023 antiquis
638 1941 756 2022 scriptis
770 1953 800 2001 et
811 1940 900 2001 editis
914 1962 986 2002 usus
998 1955 1041 2002 est
1052 1943 1205 2002 Burman·

149 2059 227 2112 nus,
236 2058 370 2119 quorum
380 2052 409 2100 et
420 2040 519 2098 varias
529 2039 670 2099 lectiones
678 2039 809 2099 notavit:
821 2038 995 2098 illustrandi
1003 2051 1106 2100 autem
1114 2061 1205 2101 causa

150 2135 288 2213 addidit,
305 2150 414 2219 praeter
424 2157 493 2196 suas
508 2135 642 2196 eruditas
654 2151 756 2213 notas,
769 2136 903 2196 aliorum
914 2137 1133 2220 interpretum,
1146 2159 1206 2200 me·

151 2233 269 2295 tiorum
279 2233 403 2316 quidem
414 2247 507 2310 totas,
517 2248 691 2294 ceterorum
701 2247 804 2294 autem
814 2234 951 2296 selectass
964 2235 1003 2295 de
1015 2237 1129 2316 quibus
1140 2257 1206 2297 osn-

150 2331 248 2391 nibus
262 2329 403 2412 praefatio
415 2343 460 2390 est
471 2328 668 2391 consulenda.

201 2426 284 2507 ¹73⁹·
297 2447 323 2486 c.
335 2425 462 2508 Anglica
474 2429 612 2508 versione
621 2427 668 2486 Jo.
679 2424 799 2486 Clariae.
810 2425 955 2487 Londini.
967 2428 995 2488 8.
1005 2430 1205 2512 -Repetitio

147 2525 203 2586 ed.
220 2527 305 2608 1732.

200 2620 284 2707 1748.
298 2625 383 2684 inter
393 2624 512 2706 Scriptt.
527 2621 597 2684 hist.
610 2623 687 2705 Aug.
700 2644 718 2682 a
729 2624 875 2683 Bennone
885 2623 974 2705 Casp.
988 2626 1130 2685 Haurisio
1143 2625 1207 2686 edi·

151 2735 204 2782 tos
216 2720 429 2801 Heidelbergae
441 2721 493 2782 tot.
504 2722 538 2779 T.
552 2721 610 2796 ΙΙΙ,
622 2741 694 2780 eum
706 2721 844 2780 nummis
853 2733 884 2780 et
896 2719 968 2802 segg.
984 2721 1138 2804 subjectas
1152 2722 1208 2784 ha-

152 2819 209 2879 bct
226 2833 257 2878 et
274 2839 354 2879 varr.
368 2833 399 2878 et
415 2831 503 2878 notas
515 2821 649 2879 maxime
658 2840 695 2879 ex
708 2820 819 2879 Patino
832 2815 955 2879 haustas
971 2819 1010 2879 ad
1027 2820 1208 2882 illustranda

153 2930 371 2978 monuments.

197 3047 238 3060 -
254 3017 288 3074 C.
302 3014 463 3074 Suetonius
474 3012 689 3096 Tranquillus,
702 3035 737 3074 ex
750 3017 926 3075 recensione
938 3027 1051 3075 etcum
1068 3017 1209 3078 animad·

151 3111 349 3174 versionibus
357 3113 409 3172 Jo.
423 3114 498 3193 Aug.
512 3113 642 3173 Ernesti.
654 3113 737 3193 Lips.
749 3112 832 3194 apud
848 3115 893 3173 Jo.
908 3113 1159 3178 Wendlerum..8.
1171 3150 1211 3162 —

154 3208 271 3274 Dehac
280 3209 415 3271 editione
426 3231 479 3272 sua
492 3211 591 3272 editor
599 3212 663 3293 ipse
671 3209 737 3272 baee
745 3213 922 3293 profitetur:
935 3215 1211 3296 “Ceterunnquum

151 3310 401 3370 Burmannianoe
412 3309 554 3370 editionis
565 3307 703 3390 exempla
715 3306 834 3390 majora
846 3324 959 3387 essent,
973 3332 1067 3394 quarn
1081 3333 1140 3394 pro
1150 3314 1213 3374 usi-

154 3408 218 3468 bus
228 3408 452 3484 studiosorum,
462 3409 578 3491 qnippe
590 3408 662 3467 viris
674 3405 770 3467 modo
782 3407 945 3485 destinata,
959 3429 1029 3485 nos,
1041 3413 1096 3492 qui
1108 3412 1213 3471 Sueto-

154 3507 207 3565 nii
221 3505 383 3566 lectionem
395 3505 433 3565 ad
447 3504 560 3565 multas
573 3525 619 3564 res
631 3504 740 3565 utilem
749 3501 904 3586 juventuti
918 3507 1103 3584 sciebamus,
1116 3522 1146 3569 et
1157 3508 1214 3568 aii-

153 3602 279 3684 quoties
302 3603 336 3661 in
353 3600 468 3662 sobolis
489 3603 602 3661 nostris
623 3603 814 3683 interpretati
832 3623 974 3679 eramus,
995 3605 1123 3666 excussis
1143 3618 1215 3666 ante

152 3701 256 3760 fflam
270 3699 329 3759 iliis
343 3700 469 3782 egregiis
481 3698 644 3781 Stephani,
658 3700 847 3776 Casauboni,
862 3700 1033 3777 Graevii,·et
1043 3704 1216 3762 Burmanni

153 3798 363 3874 editionibus,
379 3800 576 3859 instituimus
596 3801 778 3860 Suetonium
796 3801 837 3859 ita
857 3801 962 3877 edere,
984 3814 1018 3860 ut
1032 3813 1124 3883 aptus
1142 3817 1217 3863 esset

156 3895 285 3957 {omioni
292 3895 554 3978 juvenilis-aetatis.
567 3896 675 3978 itaque
687 3899 825 3978 primum
835 3910 950 3957 textum
962 3899 1216 3961 concinnavimus

157 3993 397 4074 quodammodo
410 4014 543 4071 norum,
557 3992 681 4054 delectis
697 3993 893 4071 lectionibus,
908 4015 977 4077 quac
991 3993 1079 4055 nobis
1090 3998 1216 4078 optimae

157 4091 356 4169 videbantur,
368 4093 554 4174 quibusdam
568 4093 661 4152 etiam
676 4093 766 4152 novis
778 4095 933 4170 assumtis,
948 4091 1000 4152 sed
1011 4094 1133 4174 paucis,
1147 4115 1218 4175 qum

157 4193 337 4256 rationibus
356 4214 461 4254 rerum
479 4207 509 4254 et
527 4194 643 4275 lingnae
659 4193 748 4254 certis
760 4193 941 4269 niterentur,
953 4197 1060 4256 ceteris
1074 4216 1130 4278 pm
1142 4216 1215 4256 con-
