3036 5128
487 607 522 669 c.
549 607 578 670 J.
602 607 772 672 CAESAR.
1107 608 1151 694 69

112 757 171 800 nas
185 731 333 799 colonias
348 729 547 814 distributis,
567 745 604 797 ut
622 730 793 798 exhaustae
812 740 967 826 quoque¹
987 730 1068 798 Urbi
1087 732 1152 798 ire-

112 846 246 938 quentia
258 857 469 936 suppeteret,
484 846 606 926 sanxit,
622 848 669 909 Ne
683 845 757 937 quis
773 845 852 910 civis
870 839 978 935 major
991 847 1088 910 annis
1106 847 1153 910 vi-

112 958 208 1047 giuti,
227 955 400 1023 minorve³
420 953 655 1048 quadraginta,
676 957 733 1048 qui
753 969 960 1022 sacramento
978 949 1047 1022 non
1064 970 1152 1022 tene-

112 1083 220 1150 retur,
241 1066 319 1159 plus
342 1069 484 1134 triennio
507 1069 667 1133 contiuuo
691 1065 784 1132 ltalia
805 1065 963 1134 abesset:
986 1091 1054 1133 neu
1077 1070 1152 1160 quis

111 1182 279 1248 Serretoris
292 1177 398 1256 filius,
419 1181 481 1245 nisi
496 1175 765 1260 contubernalisl
782 1192 841 1244 aut
856 1175 968 1245 comes
984 1181 1154 1270 magistra·

111 1305 184 1368 tus,
209 1311 349 1381 peregre
370 1287 656 1380 proficisceretur:
681 1287 785 1355 neue⁵
806 1286 859 1368 bi,
884 1289 941 1381 qui
963 1291 1152 1379 pecuariam

113 1399 278 1482 lacerent,
296 1401 407 1466 minus
424 1402 521 1467 tertia
537 1414 631 1490 perte
647 1397 814 1490 puberum
830 1401 1053 1491 ingenuorum
1068 1401 1154 1465 inter

112 1524 264 1601 pastores
278 1503 452 1576 haberent.
468 1511 662 1602 Omnesque
679 1505 878 1576 medicinam
896 1511 1009 1576 Roinae
1027 1507 1154 1600 profes-

112 1643 184 1699 sos,
204 1635 238 1687 et
253 1617 441 1686 liberalium
456 1621 579 1686 artium
594 1615 765 1699 doctores,
784 1641 852 1711 quo
868 1615 1024 1685 libentius
1040 1633 1074 1682 et
1090 1619 1152 1709 ipsi

116 1733 124 1794 Ι
144 1728 241 1797 rbem
256 1727 458 1810 incolerent,
472 1744 506 1794 et
521 1731 623 1795 ceteri
634 1742 847 1821 appeterent,
863 1727 993 1796 civitate
1005 1725 1151 1794 donavit.

115 1844 163 1906 De
178 1842 327 1932 pecuniis
344 1841 485 1921 mutuis,
502 1835 641 1931 disjecta
654 1862 820 1908 novarum
833 1837 1025 1905 tabularum
1038 1861 1155 1930 exspe-

111 1953 276 2034 ctatione,
297 1973 374 2048 quae
391 1948 531 2018 ⁶crebro
549 1949 762 2031 movebatur,
781 1947 926 2017 decrevit
943 1947 1098 2030 tandem,
1117 1967 1155 2016 ut

114 2175 203 2227 Punic.
218 2176 263 2227 lin.
279 2175 408 2227 Ceserem
418 2175 446 2226 in
458 2175 548 2226 Africo
558 2173 614 2226 bel·
657 2175 828 2246 ne‘impen'o,
842 2173 883 2226 vel
898 2174 994 2242 officii,
1008 2173 1049 2226 rel
1064 2176 1155 2226 amici-

113 2251 211 2304 lentem
236 2255 342 2305 somnio
367 2252 400 2305 ad
425 2252 613 2306 restituendam
658 2256 716 2320 tiae,
735 2271 791 2305 non
804 2251 903 2306 militie
916 2271 1005 2305 causa.
1019 2253 1156 2318 Ceterum,

114 2331 299 2403 Carthaginem
307 2333 447 2384 excitatum
455 2345 613 2395 nan-acrem
657 2331 730 2385 haud
751 2331 922 2404 improbabili
945 2335 1096 2402 conjectura
1117 2331 1154 2383 le·

113 2409 145 2462 ab
161 2430 195 2463 eo
214 2413 349 2482 inceptam
365 2412 508 2482 perfecisse
523 2416 614 2482 Augu·
656 2412 788 2483 gendum,
808 2431 841 2464 rie
856 2411 915 2485 quis
927 2407 1037 2465 Senator
1048 2413 1156 2466 Senato-

113 2503 189 2542 stum.
201 2491 244 2542 De
256 2489 367 2541 coloniis
379 2491 506 2542 Romanis
520 2503 545 2540 et
559 2490 612 2541 Οε-
658 2493 722 2544 risve
728 2489 818 2563 filius,
837 2503 926 2542 censet
939 2491 1010 2561 Lips.
1025 2489 1059 2560 ad
1072 2493 1155 2543 Tacit.

114 2570 175 2620 saria
182 2567 336 2640 singulatim
344 2571 611 2641 agitPanvinJmper.
657 2569 751 2620 Aenal.
767 2565 888 2633 X11,'23‚
902 2567 951 2618 ubi'
960 2567 994 2618 de
1008 2584 1156 2622 commeatu

115 2649 187 2700 llom.
208 2666 268 2719 cop.
290 2665 316 2698 rr
333 2647 427 2718 (Thes.
443 2649 487 2700 Gr.
507 2661 570 2699 tom.
585 2651 613 2714 1,
657 2647 812 2701 Senatorum
821 2645 1156 2716 docteexponentemvide.

114 2745 137 2796 p.
153 2726 207 2792 364
222 2725 300 2797 seq).
694 2725 718 2779 5.
737 2728 809 2778 Neve
820 2723 885 2776 lii...
897 2724 1031 2788 haberem
1044 2727 1156 2795 scilicet,

146 2825 169 2858 a.
185 2806 257 2857 Urbi.
268 2805 553 2860 ltasuaeeratCosaub.
564 2827 613 2878 pro
658 2817 687 2855 ut
708 2815 875 2854 remanerent
893 2804 920 2853 in
940 2803 1013 2855 ltalia
1033 2806 1156 2877 ingenui,

117 2884 189 2937 Urbis
197 2907 209 2946 ‚-
233 2884 356 2953 probavit
376 2884 461 2937 Wolf.
485 2887 512 2936 in
536 2897 614 2953 nota,
659 2881 1103 2956 quiliberdsprocrearent,quum
1114 2890 1159 2938 mi·

114 2981 276 3034 quamquam
295 2966 322 3014 in
343 2975 416 3016 textu
434 2983 482 3036 per
501 2982 614 3017 errorem
658 2962 748 3014 litibus
757 2976 851 3013 uxorea
863 2959 959 3013 (lucere
972 2960 1045 3014 haud
1057 2961 1156 3018 liceret.

114 3043 217 3115 reliquit
235 3043 316 3096 Urbis.
328 3044 386 3094 iioc
398 3042 516 3095 defendit
527 3046 613 3096 Burin.
692 3043 718 3094 6.
740 3043 802 3111 Qua
810 3042 894 3091 crebro
905 3043 1061 3094 movebatur.
1073 3046 1159 3097 Move

114 3139 161 3172 utu
181 3121 309 3174 absoluto
322 3121 396 3173 verbi
412 3134 543 3192 mppetere
560 3124 614 3176 sine
658 3133 717 3172 rant
737 3121 917 3191 maxime·per
935 3123 1044 3174 Cesar'ls
1063 3123 1158 3176 ebsen-
1197 3169 1201 3183 ,

112 3201 218 3266 «latito,
231 3218 309 3272 quem
319 3203 357 3252 uti
368 3201 501 3266 concedo,
515 3204 550 3252 ita
554 3203 614 3273 sm*
658 3201 720 3250 tiam
735 3197 831 3250 Crelius
848 3199 880 3248 Δ.
899 3201 930 3250 ll.
947 3199 1015 3268 706,
1034 3214 1060 3252 et
1076 3201 1159 3254 Dole-

113 3282 250 3352 quentiam
266 3279 395 3334 exlraustoe
411 3280 483 3332 Urbis
499 3281 614 3352 probare
658 3277 729 3330 bella
743 3295 804 3330 auu.
821 3291 880 3346 707.
896 3279 961 3343 Dio,
975 3278 1059 3346 XLII,
1075 3297 1122 3348 υ,
1133 3297 1159 3334 et

113 3378 230 3432 nequeo.
659 3354 1023 3422 32.caes.Bett.civ.111,2r=
1037 3360 1093 3410 ubl.
1105 3362 1159 3413 Cu»

147 3441 173 3491 3.
193 3438 506 3511 Minorvequodrapintu.
516 3440 615 3491 Vitiose
659 3434 709 3484 lius
724 3434 808 3484 Rufus
823 3435 954 3486 Preion...
972 3435 1006 3487 ad
1022 3436 1158 3491 bominum

113 3517 183 3569 MSS.
191 3515 327 3587 plerique,
335 3517 552 3568 minoraedecem.
562 3519 617 3570 Ser·
659 3511 798 3565 excitanda
809 3512 924 3565 studia...
937 3515 1004 3567 duas
1017 3517 1086 3587 leges
1097 3538 1158 3590 pro-

113 3613 155 3645 ino
166 3607 208 3645 est
218 3591 252 3644 de
261 3606 337 3644 aetate
348 3592 433 3645 soboli
444 3596 614 3665 procreandae
658 3591 802 3662 mulgavit;
827 3609 927 3660 unum,
951 3609 1003 3664 qua
1026 3596 1159 3649 mercedes

115 3688 190 3743 apta,
204 3691 257 3744 qua
270 3673 377 3723 nonnisi
388 3673 514 3726 militibus
523 3674 615 3727 abesse
659 3670 854 3722 habitationum
873 3689 973 3723 annuas
988 3672 1159 3727 conductori·

114 3751 212 3803 liceret.
229 3750 353 3803 Oudcnd.
366 3755 486 3822 conjicit,
499 3756 616 3806 minorve
660 3749 711 3802 bus
731 3747 857 3812 donavit;
880 3749 990 3801 alteram
1012 3751 1159 3806 tabularum

116 3831 143 3896 L,
150 3844 180 3880 ut
187 3826 447 3898 Casaubprrcirerat
456 3831 511 3896 LX,
519 3843 617 3880 utrum·
660 3845 799 3878 novarum.
810 3849 821 3874 e
833 3857 868 3866 --
879 3827 1035 3880 Decrevit...
1052 3833 1161 3901 pencri-

116 3927 165 3978 que
184 3909 250 3960 satis
270 3906 450 3980 probabiliter.
470 3907 616 3960 -Sacra-
659 3917 735 3979 ptum
740 3907 842 3977 fuisset.
855 3906 1006 3956 institueret
1014 3905 1067 3958 boc
1077 3909 1162 3962 Caesur

117 3995 218 4051 mento,
237 3984 425 4054 jurejurando,
448 4004 501 4056 quo
521 3985 616 4037 ruilites
662 3986 750 4055 priua,
765 3985 795 4034 A.
810 3986 842 4035 U.
858 3983 922 4053 705,
935 3983 1058 4038 redonen
1068 3989 1162 4061 Hispa-

116 4065 284 4117 tenebantur.
605 4105 614 4121 .
662 4066 763 4131 niu,ut
777 4065 833 4135 ipse
850 4075 941 4114 narrat
955 4064 1018 4117 Bell.
1037 4065 1092 4120 civ.
1111 4071 1163 4135 111,

149 4143 175 4209 4.
198 4142 393 4194 Contubemalis
410 4155 455 4194 cut
473 4161 563 4196 comes.
578 4146 618 4194 De
666 4141 892 4212 r,ubividenos,
903 4155 966 4194 tom.
977 4146 1012 4211 11,
1023 4165 1085 4216 pag.
1101 4149 1164 4202 188:

116 4222 344 4274 contubernalibus
357 4221 456 4273 dictum
471 4221 505 4273 ad
520 4241 577 4294 cap.
593 4239 616 4274 a.
666 4247 676 4270 ι
689 4241 771 4295 quum
787 4222 852 4274 fides
871 4236 927 4276 tota
941 4225 1014 4275 ltalia
1035 4241 1103 4278 esset
1118 4247 1166 4279 an-

119 4301 230 4352 Comites
240 4313 315 4352 erent
327 4299 397 4370 apud
409 4301 575 4372 magistratus
586 4301 617 4354 si·
664 4302 784 4374 quatior,
809 4319 895 4372 neque
918 4301 1024 4356 creditte
1047 4308 1165 4376 pecunia
