3040 5118
375 559 534 624 OCTAV.
561 559 821 625 AUGUSTUS.
1053 563 1114 626 311

83 687 191 780 risque
206 682 393 752 avunculus
409 688 520 752 Caesar
537 683 580 751 ad
599 682 854 752 sacrificandum
867 687 1049 767 acciverat,
1071 687 1119 752 af-

82 794 223 862 firmavit
236 797 349 887 ipsum
360 817 448 876 esse,
466 791 519 886 cuj
525 817 563 860 us
581 796 689 885 imago
702 793 888 862 secundum
900 798 1045 890 quietem
1058 795 1121 862 sibi

82 904 255 975 obversata
268 907 320 972 sit.
336 906 520 972 Sumenti²²
537 902 667 970 virilem
683 921 795 996 togam
810 908 923 972 tunica
939 904 997 972 lati
1014 906 1119 990 clavi,

82 1032 191 1083 resuta
204 1040 246 1084 ex
261 1031 404 1109 utraque
418 1029 528 1107 parte,
544 1014 588 1082 ad
603 1014 705 1107 pedes
723 1015 855 1083 decidit.
880 1021 1046 1098 Fuerunt,
1062 1019 1121 1112 qui

82 1129 396 1219 interpretarentur,
409 1149 477 1192 non
490 1124 581 1192 aliud
594 1125 795 1217 significare,
811 1150 913 1220 quam
926 1143 965 1192 ut
977 1129 1006 1193 is
1021 1126 1120 1208 ordo,

82 1233 176 1328 cujus
191 1239 321 1327 insigne
337 1236 371 1303 id
387 1253 493 1318 esset,
507 1235 711 1330 quandoque
728 1239 758 1302 ei
772 1235 1004 1328 subjiceretur.
1023 1235 1122 1329 Apud

82 1346 246 1414 Mundam
254 1344 280 1384 ²³
295 1353 334 1414 D.
349 1345 458 1424 Julius
471 1349 588 1414 castris
600 1344 711 1414 locum
723 1349 873 1438 capiens,
887 1371 993 1441 quum
1004 1345 1123 1413 silvam

82 1455 239 1539 cederet,
256 1455 410 1524 arborem
425 1455 545 1548 palmae
560 1472 727 1548 repertam
737 1457 950 1537 'conservari,
969 1472 1008 1522 ut
1024 1480 1125 1524 omen

28 1619 29 1630 ,
83 1569 244 1646 victoriae‚
263 1563 391 1658 jussit:
414 1591 454 1633 ex
475 1591 514 1632 ea
532 1568 692 1632 continuo
713 1581 812 1632 enata
833 1563 965 1633 soboles
984 1565 1069 1632 adeo
1089 1568 1124 1633 in

81 1682 196 1770 paucis
211 1676 331 1748 diebus
344 1677 504 1760 adolevit,
520 1695 557 1744 ut
575 1701 644 1744 non
660 1679 882 1772 aequipararet
898 1676 999 1745 modo
1015 1679 1126 1744 matri-

83 1812 172 1871 cem,
189 1813 308 1855 verum
321 1805 354 1856 et
365 1786 554 1878 obtegeret,
570 1787 904 1881 frequentareturque
913 1787 941 1844 ²4
956 1786 1127 1854 columba-

83 1924 158 1966 rum
175 1896 283 1981 nidis,
305 1900 457 1992 quamvis
479 1896 514 1964 id
531 1899 644 1963 avium
662 1921 768 1988 genus
788 1896 907 1964 duram
924 1913 957 1963 et
973 1921 1127 1988 asperam

83 1995 237 2075 frondem
252 2009 396 2074 maxime
414 2009 505 2073 vitet.
532 2004 593 2072 lllo
613 2021 646 2071 et
662 2008 832 2098 praecipue
850 2022 981 2074 ostento
996 2023 1128 2074 motum

83 2123 248 2186 Gaesarem
265 2118 397 2200 ferunt,
418 2141 461 2184 ne
480 2141 582 2210 quem
601 2115 705 2182 alium
724 2115 787 2184 sibi
805 2116 1003 2199 succedere,
1026 2142 1129 2212 quam

84 2233 206 2298 sororis
219 2245 394 2323 nepotem,
410 2228 521 2296 vellet.
540 2233 579 2295 ln
594 2251 728 2296 secessu
741 2227 925 2321 Apolloniae
939 2229 1129 2322 Theogenis

84 2344 309 2411 mathematici
323 2343 347 2381 ²⁵
371 2341 564 2435 pergulam,
587 2343 707 2408 comite
727 2344 890 2434 Agrippa,
915 2342 1127 2410 ascenderat:

85 2479 188 2548 quum
210 2456 388 2546 Agrippae,
405 2455 464 2547 qui
484 2455 576 2545 prior
597 2451 810 2532 consulebat,
834 2475 956 2543 magna
978 2469 1012 2519 et
1033 2477 1130 2545 paene

85 2564 290 2633 incredibilia
315 2564 597 2658 praedicerentur,
632 2567 771 2631 reticere
806 2565 877 2656 ipse
909 2560 1130 2654 ²⁶genituram

86 2701 201 2760 suam,
217 2700 279 2744 nec
291 2675 377 2744 velle
389 2674 488 2743 edere
501 2675 755 2767 perseverabat,
770 2691 862 2741 metu
876 2698 916 2741 ac
929 2673 1075 2767 pudore,
1087 2701 1130 2744 ne

121 2933 162 2967 aa.
174 2901 298 2968 Sumenti
308 2911 409 2965 virilem
420 2901 521 2986 togam,
535 2924 585 2962 etc.
631 2910 683 2962 boc
706 2911 824 2982 praelium
847 2913 1018 2964 maximarum
1043 2933 1132 2967 rerum

4 3023 5 3026 ¹
86 2997 162 3050 Conf.
175 2997 242 3062 Dio,
256 2997 273 3046 l.
288 3015 311 3047 c.
327 2995 422 3046 Latum
437 2993 541 3046 clavum
554 2995 587 3044 si·
631 3010 704 3062 spem
720 2992 871 3063 concepisse
886 3005 983 3044 narrat.

85 3074 138 3126 mul
151 3094 213 3127 cum
231 3089 293 3145 toga
309 3072 376 3124 virili
390 3071 516 3143 singulari
534 3071 587 3123 Cte-
668 3069 710 3136 ml.
728 3071 990 3144 Frequentareturque
1003 3071 1135 3127 columba-

87 3158 149 3226 saris
158 3156 290 3209 beneficio
300 3153 499 3208 adolescentulo
508 3154 587 3204 Octa·
631 3166 688 3199 rum
697 3149 924 3216 nidis.Augurium
932 3149 1054 3203 firmabat
1062 3152 1134 3224 quod

86 3237 128 3287 vio
153 3235 247 3287 datum
271 3232 370 3299 videri,
395 3250 476 3303 quum
499 3243 587 3282 vetere
631 3228 746 3294 Veneri,
768 3247 783 3278 a
805 3247 858 3298 qua
881 3231 1008 3300 originem
1034 3229 1134 3286 babere

87 3334 159 3367 more
168 3314 203 3366 ab
214 3316 245 3366 iis
255 3312 361 3365 demum
371 3323 534 3376 sumeretur,
544 3311 588 3382 qui
632 3325 680 3377 per
692 3307 792 3358 AEnean
804 3305 873 3359 Julia
884 3325 949 3377 gens
961 3307 1134 3374 credebatur,

86 3409 146 3468 post
168 3408 257 3465 gestos
276 3391 395 3444 bonores
415 3393 442 3442 in
463 3391 588 3442 Senatum
633 3385 762 3437 columbae
777 3404 857 3438 sacrae
871 3398 941 3438 sunt.

88 3475 302 3539 admitterentur,
316 3473 465 3523 monuimus
480 3469 514 3520 ad
529 3485 588 3540 cap.
672 3461 713 3515 25.
728 3463 878 3538 Pergulam.
892 3464 995 3516 Ernest.
1007 3466 1136 3538 interpre-

88 3554 128 3608 38.
137 3553 226 3604 Aliam
236 3552 323 3602 minus
333 3547 499 3620 probabilem
512 3548 590 3598 ratio·
634 3555 706 3594 tatur
715 3542 827 3612 langier,
836 3543 938 3594 dietam
947 3544 972 3593 in
984 3542 1044 3596 loco
1053 3545 1134 3598 edito.

88 3650 147 3684 uem
157 3629 206 3682 dat
215 3630 365 3694 Ferrarius,
376 3626 409 3679 de
417 3629 533 3679 lleVest.
541 3627 591 3692 111,
633 3625 732 3676 Docuit
742 3626 769 3674 in
776 3622 886 3696 pergula
896 3623 1034 3675 Crassitius
1044 3625 1136 3677 Gram-

5 3751 6 3760 ,
91 3709 228 3763 13.—Ex
239 3721 348 3781 utraque
358 3718 446 3780 parte;
459 3707 590 3757 anteriore
635 3700 1135 3768 maticus,auctoreNostro‚delllustr.

89 3804 114 3843 et
123 3790 281 3861 posteriore.
291 3789 399 3848 Restm
411 3784 533 3838 resolutis
545 3803 590 3837 su·
635 3783 752 3835 Graium.
767 3783 806 3833 18.
815 3811 850 3821 -
858 3779 1002 3853 Agrippam
1014 3800 1074 3838 cum
1082 3781 1137 3833 Au-

90 3871 169 3931 tnris;
183 3868 217 3920 de
228 3867 324 3941 quibus
334 3867 398 3938 ipsis
407 3864 588 3924 idemFerrar.
634 3875 712 3932 gusto
740 3858 887 3932 Apolloniae
920 3859 1025 3926 fnisse,
1056 3858 1136 3912 docet

89 3947 138 4015 111,
153 3949 194 4000 16.
207 3948 317 4012 Postea,
329 3947 386 3997 sine
396 3962 475 3997 cause
485 3945 589 3996 Ernest.
635 3947 713 3996 etiam
726 3941 792 3994 Vell.
806 3943 846 4008 ll,
858 3938 899 4010 59.

90 4027 260 4082 scribendum
272 4026 347 4079 duxit
359 4023 508 4100 significari.
523 4022 592 4094 Sup·
673 4023 714 4075 26.
734 4022 886 4075 Genitoram
900 4037 974 4071 suam
982 4040 992 4081 ,-
1005 4017 1098 4072 boram
1111 4036 1138 4074 et

90 4109 133 4182 ple
145 4110 182 4162 id.
638 4115 866 4168 momentumque
878 4111 955 4149 uatus
973 4112 1042 4165 erat,
1058 4113 1089 4153 ut
1105 4120 1138 4153 ex

126 4192 168 4244 23.
188 4189 269 4260 Apud
282 4187 428 4254 Mundam,
445 4198 496 4236 etc·
514 4185 592 4238 conf.
638 4180 766 4233 sideribus
779 4175 981 4229 mathematicus
991 4177 1018 4229 in
1030 4182 1087 4250 ejus
1100 4181 1145 4232 ἡ»

91 4268 260 4338 Dio‚XLlll‚
273 4265 321 4334 41,
333 4265 379 4317 ubi
391 4265 519 4317 Cesarem
532 4275 594 4334 post
638 4274 693 4312 tum
708 4258 860 4328 inquireret.
