3122 5134
363 576 366 584 ’
448 606 564 675 uovr
588 604 836 674 enrrotus.
1132 625 1171 673 tn

111 756 253 834 codice
283 775 419 834 nostro
450 755 601 834 Batavo
630 751 874 860 desumptis,
900 749 1172 861 explevimus,

110 929 213 1006 quas
233 928 311 1008 pro
327 900 521 1007 gravitate
537 897 766 1004 argumenti
779 898 991 1004 injustum
1005 894 1173 978 modum

111 1041 297 1121 redactas
324 1040 374 1119 ad
405 1070 567 1120 sensum
588 1037 977 1119 accommodavimus
1000 1046 1174 1122 auctoris

113 1187 256 1262 nostri.
779 1287 784 1293 ¹

163 1329 265 1406 Non
291 1325 533 1406 mediocrem
558 1355 720 1434 operam
746 1323 971 1434 explanatio
993 1325 1176 1405 Suetonii

110 1470 155 1544 in
182 1465 329 1544 multis
354 1465 451 1545 locis
478 1467 554 1544 sibi
578 1466 792 1574 deposcere
815 1469 899 1544 visa
924 1486 994 1544 est.
1020 1463 1178 1544 Alludit

111 1611 337 1718 saepissime
357 1609 408 1687 ad
429 1637 559 1687 mores
575 1611 782 1687 Romanos
792 1639 875 1688 non
890 1607 1074 1718 publicos
1087 1631 1179 1688 tan-

114 1770 224 1849 tum,
262 1750 395 1828 sedin
423 1751 505 1826 vita
535 1746 689 1856 privata
715 1769 755 1825 et
783 1752 825 1825 in
857 1747 1074 1828 domestico
1104 1779 1181 1828 usu

114 1893 307 2000 quotidie
328 1893 491 1988 obvios,
515 1911 556 1969 et
584 1895 681 1998 quia
707 1919 842 1997 neque
867 1895 951 1999 ipse
972 1921 1018 1970 ea
1046 1892 1182 2003 expla-

117 2066 215 2116 nare
245 2033 382 2114 voluit
410 2037 606 2142 apertius,
635 2054 675 2111 et
704 2034 930 2132 interdum,
958 2034 1022 2113 vel
1050 2039 1182 2144 potius

118 2185 301 2260 nimium
325 2208 447 2287 saepe,
469 2207 553 2257 nou
569 2207 723 2298 magna
743 2175 822 2256 illis
845 2175 1010 2258 aliunde
1029 2178 1100 2258 lux
1121 2181 1181 2257 af-

119 2323 389 2433 ferri-potest,
405 2319 578 2425 intelligi
596 2316 705 2414 licet,
723 2342 924 2426 quantum
935 2322 1055 2400 hodie
1074 2321 1184 2400 diffi-

17 2535 19 2542 .
121 2464 287 2544 cultatis
304 2486 346 2541 et
361 2485 561 2570 quantum
574 2459 722 2539 laboris
734 2462 882 2541 habeat
897 2443 1117 2570 explicatio.

174 2610 221 2684 ln
250 2605 331 2683 hoc
357 2607 482 2710 igitur
504 2606 792 2682 commentario
817 2605 1112 2712 componendo,
1141 2606 1182 2684 id

125 2749 243 2828 nobis
268 2745 481 2826 consilium
496 2745 593 2841 fuit,
614 2766 661 2822 ut
680 2767 1016 2851 cognoscerentur
1029 2749 1180 2846 fontes,

110 2889 236 2971 'unde
262 2911 394 2999 partes
414 2890 606 2988 historiae,
629 2918 752 2995 quam
781 2910 922 2967 tractat
949 2893 1180 2984 Suetonius,

125 3035 296 3114 uberius
313 3037 394 3140 peti
415 3052 590 3139 possent.
617 3032 703 3110 Hoc
718 3053 834 3138 pacto
853 3032 1090 3132 fatebimur,
1107 3039 1183 3111 im-

125 3176 257 3284 pediri
279 3171 445 3280 quidem
465 3172 763 3278 quodammodo
785 3201 831 3250 ac
852 3171 1024 3251 detineri
1046 3174 1184 3256 lectio-

127 3346 241 3417 nem,
260 3343 395 3421 neque
407 3312 564 3391 inficias
582 3315 709 3410 imus,
724 3311 936 3420 plerosque
950 3319 1181 3424 scriptores,

128 3465 302 3539 maxime
315 3459 539 3554 historicos,
554 3454 722 3535 celerius
735 3460 1044 3564 percurrendos:
1057 3460 1183 3540 nevel

130 3633 268 3681 rerum
299 3601 398 3679 ordo
426 3601 620 3677 memoria
652 3597 873 3706 legentium
910 3603 1088 3701 excidat,
1107 3603 1183 3686 ,vel

130 3748 372 3824 narrationis
381 3746 501 3821 series
514 3745 658 3850 saepius
672 3746 897 3852 interrupta
912 3749 1183 3853 perturbetur.
1264 3749 1267 3761 ’

132 3887 261 3964 Nemo
281 3905 418 3962 autem
439 3911 522 3962 non
546 3905 752 3990 agnoscet,
770 3889 812 3962 in
840 3888 1083 3992 quibusdam
1102 3919 1186 3970 esse

35 4065 36 4074 ¹
136 4027 285 4105 diutius
311 4025 569 4122 morandum,
590 4029 662 4132 qui
684 4024 876 4133 singulari
897 4030 1099 4109 scribendi
1124 4062 1187 4127 ra-

36 4153 38 4232 ¹.
137 4172 244 4248 tione
260 4173 340 4266 usi,
358 4169 586 4276 argumenti
602 4172 793 4248 varietate
811 4174 985 4278 ipsisque
1000 4174 1188 4253 interval-

39 4353 40 4364 *
140 4309 197 4411 lis,
207 4311 484 4422 quaevelutad
496 4312 833 4419 requiescendum
842 4318 1188 4423 interposuerunt,

39 4407 42 4496 l

42 4617 45 4694 l

983 4486 1013 4528 Δ.
