3122 5134
461 525 582 593 novt
607 525 854 592 EDITORIS.
1140 543 1188 588 vn

128 673 323 780 profectae
337 669 540 750 videntur.
559 637 688 746 Immo
702 670 975 775 praetermissis
990 695 1095 776 saepe
1114 666 1203 742 dif-.

126 812 402 912 fieultatibus,
420 841 521 918 quas
540 809 734 919 plurimas
758 814 1046 917 provectiorem
1071 812 1191 886 etiam

124 959 326 1065 juvenem
355 958 503 1032 morari
530 957 604 1061 ipsi
635 957 787 1061 experti
814 983 970 1050 sumus,
992 950 1192 1059 longiores

128 1097 216 1176 aliis
229 1096 332 1176 locis
346 1097 643 1202 disquisitiones
658 1115 697 1172 et
711 1116 864 1202 argutae
878 1123 1192 1200 nonnunquam,

129 1239 203 1316 ubi
226 1241 367 1316 minus
386 1266 487 1345 opus
509 1257 612 1335 erat,
640 1241 736 1343 quia
761 1239 957 1313 intentior
983 1263 1079 1314 cura
1106 1238 1194 1315 viro

130 1413 297 1463 summo
324 1413 486 1462 omnem
511 1379 745 1488 scrupulum
775 1383 1003 1477 exemisset,
1033 1377 1189 1457 facilem

129 1557 263 1636 quum
286 1529 490 1635 scriptoris
507 1524 738 1620 lectionem,
756 1544 843 1601 tum
862 1526 1034 1630 ingenii,
1050 1522 1193 1602 dictio-

132 1671 213 1764 nis,
240 1669 476 1773 argumenti
493 1668 784 1771 cognitionem,
801 1668 969 1742 minime
994 1665 1192 1743 efficiunt.

132 1811 270 1916 Atque
290 1810 388 1887 huic
407 1813 526 1908 unice
547 1837 714 1904 caussae,
730 1808 841 1913 quod
862 1809 1090 1885 Ernestium
1109 1837 1205 1884 non-

134 1953 295 2030 dedisse
305 1954 558 2060 putabamuS,
571 1981 662 2058 quae
678 1951 773 2028 dare
789 1955 999 2058 potuisset,
1018 1980 1101 2029 non
1120 1954 1193 2028 im·

135 2096 427 2196 moderationi,
458 2095 521 2174 vel
554 2100 700 2175 minori
733 2099 969 2174 reverentiae
1005 2097 1194 2174 adversus

136 2243 511 2347 praestantissimum
533 2241 574 2316 in
598 2238 782 2347 plurimis
805 2237 1012 2316 literarum
1038 2240 1195 2344 generi-

138 2382 212 2460 bus
230 2387 471 2489 magistrum
491 2382 753 2459 tribuendum
776 2402 852 2481 est,
876 2387 908 2459 si
933 2359 1096 2488 quando
1119 2381 1194 2457 hoc

139 2527 253 2605 nobis
270 2530 535 2634 sumpsimus,
554 2547 635 2603 uta
654 2529 741 2603 viro
759 2545 871 2603 tanto
891 2545 1013 2631 atque
1029 2522 1098 2600 tali
1113 2522 1194 2601 dis-

140 2672 393 2745 sentiremus.

191 2812 379 2890 Reddere
393 2815 567 2892 Ernestii
584 2813 822 2908 editionem,
840 2840 921 2889 non
940 2841 1084 2892 novam
1100 2841 1195 2920 pro·

142 2981 307 3051 curare,
338 2953 492 3035 Wolfio
520 2956 599 3033 fuit
626 2959 886 3062 propositum.
919 2958 976 3031 lta
1005 2959 1198 3063 expunxit

143 3096 326 3202 quidem,
344 3126 443 3204 quas
460 3095 527 3174 ille
544 3095 779 3204 reliquerat,
797 3073 906 3174 laibes
922 3126 929 3173 :
946 3118 1077 3174 textus
1092 3098 1199 3174 sani-

144 3242 209 3314 tati
230 3267 282 3318 ex
303 3242 481 3345 pristinis
503 3245 699 3346 novisque
721 3239 927 3337 subsidiis,
951 3261 991 3316 et
1005 3236 1199 3344 singulari

145 3382 297 3486 ingenii
311 3387 517 3480 acumine,
537 3387 638 3462 mire
652 3381 875 3462 consuluit:
893 3381 1066 3489 expediit
1080 3385 1199 3459 etiam

145 3526 281 3627 paucis
294 3552 397 3632 saepe
415 3525 549 3602 verbis
568 3524 844 3621 difficultateS,
861 3523 1097 3630 addiditque
1118 3551 1200 3599 suae

147 3661 405 3765 Ruhnkenii,
430 3669 547 3776 cujus
569 3667 727 3745 dictatis
752 3666 959 3763 utebatur,
984 3667 1201 3741 auctorita-

146 3825 236 3886 tem.
260 3809 339 3888 Sed
359 3814 442 3918 ipsa
462 3811 649 3890 editionis
670 3813 826 3889 ratione
848 3812 1046 3916 egregiam
1069 3810 1204 3916 potius

149 3949 286 4032 alienae
308 3958 456 4054 crisin,
487 3987 609 4064 quam
634 3986 746 4035 suam
772 3977 813 4034 et
841 3985 882 4034 se
902 3954 1091 4061 dignam,
1119 3956 1203 4063 ipse

151 4090 300 4176 dedisse
315 4102 424 4178 visus
438 4120 508 4180 est.

202 4237 302 4336 Quae
315 4269 444 4348 quum
460 4245 514 4321 ita
530 4266 679 4344 essent,
698 4247 757 4322 vir
770 4245 1046 4323 ornatissimus
1059 4244 1204 4322 Baum·
1262 4307 1264 4312 .
