2982 5116
369 550 531 620 ouras.
557 551 816 618 suousrus.
1046 558 1112 646 257

83 680 292 750 Promiseuis⁵
309 677 564 749 salutationibus
580 677 778 748 admittebat
796 695 830 748 et
848 679 1000 775 plebem,
1020 698 1115 755 tanta

82 793 227 860 comitate
255 789 451 858 adeuntium
473 786 637 858 desideria
664 791 852 883 excipiens,
880 806 919 859 ut
944 791 1115 886 quendam

77 898 166 994 jooo⁶
177 903 389 994 corripuerit,
405 897 498 996 quod
514 901 585 968 usic
598 900 661 969 sibi
671 899 825 970 libellum
835 905 1006 996 porrigere
1017 905 1115 975 dubi·-

80 1027 174 1094 taret,
195 1014 293 1106 quasi
312 1010 492 1104 elephanto
515 1013 672 1104 stipem.»
699 1014 760 1079 Die
778 1014 918 1081 Senatus
938 1009 1115 1110 nunquam

80 1123 187 1188 Patres
202 1122 286 1188 nisi⁷
301 1122 338 1187 iu
354 1121 456 1187 Curia
474 1118 646 1203 salutavit,
664 1133 697 1187 et
713 1118 850 1214 quidem
870 1120 1058 1206 sedentes⁸‚
1076 1137 1118 1196 ao

80 1231 270 1298 nominatim
288 1228 455 1322 siagrius,
476 1228 592 1298 nullo⁹
615 1247 869 1299 summouente:
891 1247 926 1298 et
942 1230 1118 1305 discedens

80 1339 224 1408 eodem¹⁰
242 1339 345 1408 modo
365 1337 558 1408 sedentibus
576 1338 689 1408 valere
707 1337 848 1410 dicebat.
871 1343 1019 1412 Officia¹¹
1040 1369 1119 1416 eum

79 1449 185 1519 multis
196 1468 318 1519 mutuo
328 1453 490 1534 exercuit;
504 1472 566 1517 nec
577 1453 672 1544 prius
682 1449 753 1518 dies
765 1449 928 1548 cujusque
938 1453 1118 1526 sollemnes
1131 1477 1138 1504 ³

79 1560 287 1655 frequentare
298 1561 413 1643 desiit,
428 1584 530 1656 quam
544 1558 702 1653 grandior
714 1557 787 1655 jam
805 1579 903 1646 natu,
920 1579 955 1630 et
969 1567 1004 1632 in
1020 1567 1120 1635 uerba

81 1669 245 1763 quondam
268 1669 516 1763 sponsaliorum
531 1667 586 1737 die
601 1687 751 1738 vexatus,
774 1669 909 1740 Gallum
927 1675 1119 1744 Terrinium

78 1925 107 1964 ut
118 1909 201 1980 idem,
215 1913 326 1981 xuvu,
339 1914 381 1968 23.
397 1913 438 1966 Gt.
450 1910 572 1969 Oudend.
621 1915 654 1966 rit
671 1909 777 1982 sedere,
793 1933 874 1988 qnam
890 1932 935 1968 eos
949 1913 1121 1984 resalutaret,

79 1987 149 2042 adh.
163 1992 180 2044 l.
195 2005 222 2046 et
236 1991 364 2046 Scholion.
382 1990 417 2046 de
431 1993 470 2044 Re
482 1987 573 2044 Vehio.
619 2005 646 2044 et
657 1992 738 2045 verba
752 1985 786 2046 ad
799 2012 844 2045 eos
856 1994 962 2048 iaceret.

79 2068 114 2135 ll,
126 2070 151 2136 4,
655 2089 680 2140 9.
693 2068 777 2127 Nullo
785 2067 1003 2136 summouenteri.
1013 2093 1035 2129 e.
1044 2076 1120 2130 nullo

111 2143 573 2216 5.Promt'scus'ssaltttutiorsibtu‚eto.
619 2145 1124 2222 nominatiugulorumSenatorumsub·

76 2223 113 2278 De
134 2227 205 2280 lestis
225 2221 321 2282 diebus
344 2222 470 2300 intellige.
495 2227 573 2280 Cous.
617 2221 742 2297 finiente,
757 2247 826 2298 quo,
843 2247 935 2282 omues
949 2233 1056 2302 penitus
1070 2232 1122 2286 sibi
1183 2288 1187 2298 ,

77 2305 221 2376 baumgart.
618 2317 712 2373 notos,
725 2316 756 2357 ut
764 2307 949 2373 amicissimos,
959 2308 1120 2362 ostenderet.

109 2384 133 2437 6.
151 2385 184 2438 Ut
194 2385 329 2459 quendam
337 2382 396 2456 ioco
407 2384 574 2458 corripuerit,
618 2382 704 2435 Docet
718 2381 829 2436 historia
845 2377 927 2436 duoes
940 2386 1018 2438 etiam
1034 2404 1121 2456 reges·

78 2475 124 2514 ete.
143 2463 300 2531 Quintilian.
317 2459 401 2515 lnatit.
414 2464 511 2530 v1‚3‚
524 2463 572 2534 59:
620 2479 671 2532 que
684 2457 735 2514 bac
754 2473 810 2514 arte
824 2459 936 2514 militurn
953 2463 1056 2515 animos
1070 2461 1120 2517 sibi

80 2539 246 2595 «Adhibetur
257 2549 346 2594 autem
355 2539 500 2594 similitudo
509 2544 575 2594 inte·
618 2537 782 2592 conciliasse.

77 2620 121 2672 rim
129 2619 234 2692 palam,
247 2621 351 2673 interim
361 2621 441 2672 inseri
450 2617 518 2673 solet
526 2640 573 2692 pa·
657 2635 697 2672 to.
711 2619 810 2671 Eodem
824 2619 901 2673 modo
913 2620 1059 2672 sedentibus
1072 2640 1119 2673 ua·

77 2695 181 2766 rabula,
190 2697 269 2768 cujus
278 2711 318 2750 est
328 2699 431 2769 generis
442 2695 471 2750 id
481 2699 573 2769 Augu·
618 2697 669 2750 lere
682 2699 789 2751 dicebas.
805 2697 889 2750 Omiti
902 2715 964 2750 eum
977 2697 1120 2766 Oudend,

76 2779 121 2841 sti,
132 2779 176 2850 qui
187 2778 266 2830 militi
275 2775 394 2830 libellum
406 2771 498 2830 timide
510 2797 573 2850 por·
618 2775 690 2850 qnod
708 2776 870 2850 sequebatur
884 2797 943 2832 voe.
958 2781 1118 2846 sedentibus,

75 2856 183 2926 rigenti,
205 2855 274 2912 Noli
281 2854 416 2927 ,‚inquit‚
437 2856 569 2925 dubitare,
615 2853 738 2930 eloquiis,
753 2858 843 2928 inepte
858 2853 1013 2928 esuperiori
1025 2860 1119 2932 repeti·

76 2943 194 3007 tanquam
219 2954 300 2989 assem
321 2934 461 3006 elephanto
485 2936 535 2988 des.
557 2957 569 2984 s
616 2947 688 3000 tum,
701 2933 815 3007 dedique
824 2935 913 2987 eodem
925 2937 1001 2991 modo
1011 2957 1060 3009 pro
1072 2940 1137 3006 eo,'

74 3015 238 3083 Macrobius,
254 3013 385 3068 saturnal.
397 3016 435 3080 11,
448 3013 479 3081 tl:
495 3016 572 3067 atu·
616 3027 643 3065 et
654 3011 740 3066 ualere
750 3013 849 3066 diceba
860 3033 910 3086 pro
923 3015 981 3068 vale
992 3017 1056 3084 diu,
1069 3037 1117 3091 op·

74 3109 178 3164 gustus,
196 3113 279 3166 quum
294 3095 319 3145 ei
333 3092 439 3165 quidam
453 3093 571 3146 libellum
615 3092 685 3145 timis
698 3091 784 3145 Codd.
797 3092 961 3146 auctoribus.

76 3172 190 3245 trepidus
212 3175 343 3240 offerret,
364 3186 390 3224 et
410 3172 490 3225 modo
507 3191 572 3244 pro-
654 3189 693 3225 tr.
711 3167 845 3244 Officio...
859 3185 949 3226 mutuo
960 3174 1084 3242 exemit,
1096 3177 1115 3228 i,

75 3249 151 3302 terret
170 3269 296 3315 manum,
313 3247 395 3301 modo
411 3247 570 3318 retraheret,
615 3269 639 3303 e.
661 3250 781 3304 interluit
804 3247 985 3321 solemnibus,
1009 3270 1067 3325 quar
1088 3256 1117 3308 in

75 3324 166 3392 Putas,
183 3329 284 3400 inquit,
301 3337 326 3379 te
340 3345 419 3380 auem
432 3326 569 3400 elephanto
615 3330 761 3381 amicorum
775 3327 876 3381 edibus
887 3349 937 3400 per
947 3334 1117 3404 nuptiarum,

74 3403 172 3457 darei·
614 3408 746 3472 tirocinii,
759 3407 873 3474 lunens,
884 3407 981 3462 aliasve
996 3413 1117 3464 occasio·

109 3499 133 3552 7.
151 3485 210 3540 Nisi
222 3485 250 3538 its
261 3484 346 3537 Curia.
361 3483 420 3536 Non
433 3483 467 3536 ad
478 3502 506 3538 se
518 3481 570 3538 do·
614 3504 661 3539 nes
671 3482 882 3552 celebrabantur,
892 3504 993 3558 eosque
1003 3491 1116 3542 vicissim

74 3577 142 3615 tuum
149 3563 241 3616 venire
251 3581 344 3634 passus
352 3575 392 3616 est
401 3563 527 3617 Senatum
535 3563 570 3615 ad
615 3563 686 3617 adse
696 3565 823 3616 invitavit.
836 3566 932 3617 Mutuo
941 3568 1042 3619 servavi
1054 3586 1114 3621 oum

75 3642 272 3708 salutationem,
285 3645 335 3695 nisi
346 3645 373 3695 in
384 3655 499 3696 extrema
510 3657 570 3696 teta·
614 3640 738 3695 Oudeud.
756 3642 792 3694 ob
805 3641 934 3694 librorum
947 3662 1115 3698 eonsensum.

75 3732 112 3788 te,
123 3722 170 3776 sed
179 3725 239 3796 ipse
249 3723 355 3776 Curiam
364 3723 437 3776 adiit.
447 3722 513 3776 Vide
522 3723 571 3776 Ca-
613 3721 666 3773 Alii
677 3723 814 3792 corrigunt
826 3733 925 3774 mutua.
938 3751 974 3764 -
987 3721 1118 3777 Gratidius·

73 3800 145 3853 asub.
160 3801 195 3854 ad
209 3822 234 3854 c.
247 3800 290 3854 35.
610 3803 667 3874 jam
680 3811 745 3853 natu
756 3800 979 3854 dederuntetiam
990 3801 1115 3859 Oudeud.

107 3881 132 3933 8.
149 3883 187 3934 Et
203 3881 312 3954 quidem
329 3880 441 3933 sedentes
447 3902 456 3943 ,·
472 3899 526 3933 uon
541 3893 571 3934 ut
615 3879 1030 3953 etWolf.Al.qrattdijamttatu,
1042 3882 1117 3952 quod

63 3956 186 4024 ‚uineta
202 3959 323 4030 Augusto
339 3977 393 4010 non
413 3960 572 4012 sumserint
616 3957 769 4012 defenditur
780 3976 876 4032 magno
893 3969 957 4010 natu
968 3959 1040 4032 apud
1051 3961 1118 4014 Cor·

73 4031 129 4105 (bie
142 4040 213 4092 enim
229 4057 346 4111 semper,
361 4039 440 4091 etiam
450 4038 572 4092 Consuli—
615 4041 714 4094 ueliunt
724 4040 888 4111 Liviumqne.
900 4069 931 4080 -
943 4039 971 4094 V
967 4053 1057 4096 assuas
1064 4055 1120 4111 est,

74 4112 455 4190 bushonorhabebstur)‚sed
464 4131 493 4172 ut
501 4137 574 4184 mox,
617 4137 700 4192 quum
719 4117 788 4170 male
802 4135 830 4170 se
849 4117 987 4172 habuisset
997 4121 1025 4172 iu
1041 4121 1120 4174 turba

74 4193 185 4250 salutato
196 4197 233 4252 ab
244 4196 295 4251 illis
306 4195 480 4270 lanperatore,
487 4199 573 4268 jusse-
616 4197 829 4272 bominum,quss
836 4195 1034 4254 adcelebranda
1042 4218 1123 4276 spon·

164 4288 193 4352 1.
883 4370 885 4374 .
942 4314 980 4380 ¹7
