2982 5116
401 512 467 578 att
773 511 809 574 G.
834 511 1067 576 SUETOIVII

400 637 494 707 culos
515 639 675 719 minutos,
694 653 728 702 et
745 659 880 703 caseum
893 634 1059 704 bubulum
1074 643 1201 704 munu²
1217 657 1381 728 pressum,
1398 655 1428 702 et

400 749 481 816 ficos
492 746 612 816 virides
624 743 765 814 biferus³
777 748 921 814 maxime
929 746 1122 840 appetebat:
1134 747 1391 840 vescebaturque
1400 764 1429 812 et

399 875 478 926 unte
488 879 616 926 coenant
627 879 832 950 quocunque
842 873 991 948 tempore
1003 872 1037 925 et
1047 855 1135 941 loco,
1149 855 1239 951 quoI
1248 855 1429 924 stomachus

400 967 631 1037 desiderasset.
650 963 757 1033 Verba
771 969 876 1058 ipsius
895 991 936 1036 en
949 965 1096 1059 epistolis
1110 983 1191 1034 sunt
1207 995 1213 1032 :
1234 971 1327 1034 «Nos
1342 969 1374 1033 in
1389 988 1430 1032 es

400 1077 481 1144 sedo
494 1099 617 1169 punem
628 1090 661 1142 et
675 1074 841 1167 palmulas
853 1079 1094 1168 gustavimus.»
1112 1082 1155 1145 Et
1167 1079 1307 1144 iterum:
1327 1079 1429 1141 chn

400 1184 516 1252 lectica
527 1209 568 1254 ex
580 1183 688 1278 regia⁵
701 1183 839 1252 domum
851 1185 967 1270 redeo,
982 1189 1078 1280 punis
1090 1189 1223 1254 uncum
1235 1209 1316 1254 cum
1326 1187 1427 1278 paucis

399 1298 502 1364 acinis
522 1319 596 1364 uvae
614 1295 782 1365 durnoinae
801 1297 939 1366 comedi.
955 1329 968 1358 u
992 1303 1033 1365 Et
1049 1321 1186 1366 mrsus:
1211 1301 1288 1364 tite
1304 1295 1426 1364 Judaeus

399 1406 551 1500 quidem,
561 1409 607 1474 mi
619 1407 747 1490 Tiberi,
758 1423 826 1475 tam
840 1407 1015 1500 diligenter
1027 1406 1191 1476 sabbatis⁶
1196 1404 1367 1500 jejunium
1377 1427 1426 1472 ser·

399 1534 472 1598 vat,
486 1541 589 1611 quam
603 1540 664 1609 ego
676 1517 774 1586 hodie
786 1522 930 1603 servavi,
945 1522 1003 1612 qui
1018 1522 1053 1586 in
1064 1518 1194 1586 balineo
1211 1517 1351 1585 demum
1365 1530 1426 1607 post

400 1625 517 1692 horum
537 1627 681 1718 primam
700 1628 806 1694 noctis
829 1625 912 1694 duas
933 1625 1075 1694 buccees
1097 1624 1315 1706 manducavi,
1336 1625 1426 1716 prius

400 1758 503 1828 quam
519 1736 599 1824 ungi
612 1735 830 1826 inciperem.»
853 1739 902 1804 Ex
919 1735 983 1804 huo
999 1736 1267 1805 inobservantiu⁷
1285 1756 1426 1801 nonnun-

399 1978 513 2033 Fischer.
525 1977 560 2030 ad
568 1979 677 2031 WeIIer.
689 1997 715 2051 p.
728 1981 767 2045 ΙΙ,
778 1995 839 2050 pag.
851 1978 893 2049 37.
941 1995 996 2032 stus
1011 1986 1045 2030 itu
1059 1982 1162 2043 scribiq
1174 1981 1280 2052 jejunio
1292 1982 1361 2032 enim
1370 1979 1424 2030 cele·

436 2073 460 2108 u.
479 2059 566 2108 Mami
581 2073 703 2125 pressum.
721 2059 808 2108 Burm-
827 2071 896 2110 recte
940 2056 1019 2108 bruce
1034 2054 1073 2108 illi
1085 2057 1224 2108 sabbatum
1238 2075 1297 2108 non
1310 2055 1424 2109 solebant.

399 2133 532 2204 iutelligit,
548 2151 614 2204 quos
626 2132 718 2184 molles
729 2147 805 2186 vocnt
817 2135 897 2188 Cqu-
941 2133 1040 2186 Eodem
1054 2151 1143 2186 errore
1156 2135 1254 2186 inustio.
1269 2135 1389 2199 XXXVI,
1400 2151 1423 2184 n:

400 2213 470 2267 meII.
484 2215 524 2280 11,
540 2228 580 2278 ιι,
593 2225 618 2264 et
632 2211 767 2283 distinguit
779 2232 794 2265 a
808 2217 897 2266 veteri·
943 2213 1052 2266 «Moses
1064 2215 1200 2283 septimum
1212 2214 1285 2264 diem
1299 2231 1369 2264 nore
1378 2231 1425 2283 geu·

401 2296 445 2348 but
455 2309 481 2347 et
489 2294 574 2346 otidis.
585 2293 656 2363 Lips.
667 2309 780 2364 cumque
789 2313 821 2346 eo
831 2297 897 2348 Tor·
940 2294 973 2345 tis
987 2291 1132 2346 Sabbatum
1145 2291 1311 2363 appellatum
1323 2295 1349 2344 in
1361 2309 1423 2343 onoc

399 2375 498 2428 rentiuu
508 2372 658 2424 maluerunt
666 2389 744 2424 mane
750 2390 873 2443 pressum.
941 2373 1126 2444 evumjejunn
1135 2370 1261 2437 sacrauit,
1274 2368 1424 2443 quocieniI·

435 2453 461 2506 3.
480 2453 588 2524 Biferes.
600 2453 664 2504 I’Iiu.
677 2453 743 2504 Idist.
753 2453 813 2504 Nat.
824 2454 895 2520 XVI,
941 2450 966 2503 Ιιι
980 2449 1036 2502 dies
1050 2451 1147 2503 famem
1160 2449 1212 2502 iliis
1224 2469 1390 2521 erroremque
1399 2448 1423 2498 t-

401 2549 433 2602 27
445 2529 526 2603 (50):
544 2529 631 2582 :Sunt
646 2542 672 2580 et
689 2527 778 2581 biferas
790 2532 818 2580 in
829 2529 896 2582 ficu·
942 2531 1062 2596 nierat‚u
1083 2528 1130 2580 ubi
1147 2527 1206 2580 ride
1224 2531 1351 2582 Bernecc.
1370 2529 1424 2582 Guu

398 2609 459 2664 bns.
472 2613 501 2662 In
513 2609 567 2662 Cea
580 2607 666 2660 insule
677 2606 793 2680 caprifici
805 2610 897 2660 trifero
941 2606 1000 2660 aliis
1017 2609 1118 2660 Emest.
1140 2607 1245 2658 subbata
1265 2606 1383 2676 inteIIiffl't
1398 2603 1424 2656 de

400 2702 468 2741 sunt.
480 2689 566 2740 Primo
575 2688 631 2738 fetu
640 2703 754 2757 sequens
764 2700 897 2753 evocetur,
942 2685 1112 2750 hebdomade,
1132 2697 1161 2736 nt
1181 2685 1248 2736 Luc.
1268 2685 1366 2748 XVIII,
1387 2701 1423 2748 ιι,

399 2769 521 2840 sequenti
534 2768 658 2820 tertius.»
674 2768 741 2832 Dio,
760 2768 832 2833 LVI,
847 2767 896 2833 30,
942 2756 1423 2834 ..md-stfwtsassssdrwquodpror

399 2847 445 2900 ubi
457 2849 556 2900 Liviam
573 2847 665 2898 mortis
678 2846 790 2916 Augusti
802 2863 896 2917 snspe-
941 2862 985 2896 uus
994 2847 1156 2896 contrarium
1167 2845 1305 2896 sententie
1314 2842 1423 2916 Augusti,

399 2937 467 2974 ctam
481 2925 563 2976 fuisse
577 2937 681 2989 nerrst,
695 2927 829 2978 venenatis
841 2926 896 2976 ficis
940 2921 973 2975 de
988 2922 1030 2974 die
1045 2923 1186 2994 loquentiu.

399 3001 486 3054 ucequ
496 3014 629 3073 patratum
639 3001 711 3053 dicit.
976 2998 1424 3069 7.Exhocinobserveutia,·edl.tun

434 3080 460 3146 4.
483 3081 539 3149 Quo
551 3079 707 3147 stomachus,
723 3095 773 3133 etc.
785 3083 857 3153 Iips.
870 3096 896 3136 et
939 3081 1013 3152 poris
1024 3092 1050 3132 et
1061 3079 1113 3130 Ioci
1122 3081 1150 3130 in
1160 3077 1222 3129 cibo
1231 3079 1373 3145 sumendo,
1383 3095 1424 3147 qut

399 3159 521 3210 Torrent.
538 3159 597 3228 ejici
612 3156 753 3210 voluerunt
770 3177 829 3231 que.
846 3160 896 3212 Sed
939 3173 1017 3211 certus
1034 3158 1105 3210 horte
1123 3177 1260 3230 nunquam
1277 3176 1308 3211 se
1325 3158 1424 3210 adactu

399 3239 438 3289 uti
450 3235 516 3289 solet
526 3253 591 3288 voce
602 3236 748 3309 quicunque
757 3237 895 3291 Suetonius
939 3237 1027 3306 gebat.
1038 3235 1150 3290 Casaub.
1163 3235 1423 3308 interpretaturus&

400 3319 478 3370 etism
492 3330 586 3386 preter
601 3335 697 3368 nexum
711 3335 771 3370 oum
784 3336 895 3391 sequeu-
938 3317 1107 3381 servantiam,
1118 3316 1315 3370 indifferentem
1323 3320 1424 3370 circuru

399 3395 469 3448 tibus
480 3415 530 3467 pro
542 3396 632 3449 omnis.
939 3396 1039 3448 tionem
1056 3397 1139 3449 rictus
1158 3397 1295 3463 animum,
1314 3392 1423 3467 quodud

435 3471 460 3526 ⁵.
478 3473 520 3524 Ex
535 3474 611 3545 κρέα.
625 3472 754 3526 Dubitaut
765 3477 894 3545 iuterpre-
940 3490 1044 3526 sensum
1058 3487 1097 3526 est
1108 3471 1187 3524 idem.
1200 3473 1313 3526 Codices
1323 3473 1378 3538 ati,
1388 3473 1423 3524 ob

399 3567 454 3619 tes,
467 3565 556 3604 nuum
570 3551 741 3623 intelligendu
756 3556 826 3622 regie
839 3555 895 3606 Nu·
938 3553 1078 3617 servantia,
1095 3552 1113 3602 i.
1130 3569 1153 3603 e.
1171 3550 1199 3602 is
1213 3550 1301 3608 esdrse
1314 3555 1354 3608 eie
1367 3569 1424 3604 σοπ-

399 3649 463 3698 nte,
483 3630 607 3702 adjuncta
630 3631 680 3683 sedi
699 3633 798 3699 Veste,
820 3636 895 3702 cujus
939 3630 1022 3696 θιίις,
1033 3643 1063 3682 ut
1073 3629 1144 3682 idem
1155 3630 1270 3684 Cutuub.
1283 3635 1367 3684 uertit.
1377 3631 1425 3682 tte

397 3712 493 3764 utrium
503 3723 598 3781 posteo
611 3710 714 3776 effecit,
728 3728 762 3762 an
776 3712 845 3781 regin
855 3729 895 3764 re·
939 3711 978 3778 gis
992 3708 1043 3760 hoc
1061 3708 1150 3779 placet
1165 3707 1305 3769 Oudeud.;
1318 3707 1364 3760 sed
1372 3710 1424 3776 jure

398 3791 438 3859 gis
447 3806 595 3851 sacrorum
608 3801 741 3855 neutrum,
753 3803 836 3860 puto,
848 3788 894 3842 sed
937 3802 1028 3847 mouet
1036 3787 1163 3855 wolfius,
1175 3791 1262 3860 ipsum
1271 3787 1423 3842 insolentie·

399 3868 531 3920 &silium
543 3869 632 3920 nescio
642 3885 735 3939 quam,
749 3866 798 3918 ubi
806 3866 895 3920 ambu-
938 3868 1030 3920 formes
1044 3867 1233 3921 inobseruantia
1243 3886 1351 3922 cenum
1360 3882 1424 3920 erto·

397 3943 893 4018 Iuverntduguttus.Imsupruospffl,
937 3946 1424 4002 uisiibruriisfuiute.'Iuetureumetiun

398 4023 495 4078 theatri
505 4027 623 4096 Pompeii
634 4025 702 4098 »eyia
713 4023 857 4077 dicebatur.
938 4025 1072 4098 Spalding.
1089 4025 1124 4078 ud
1139 4025 1248 4093 Quintil.
1262 4027 1308 4093 IV,
1328 4043 1359 4093 ι,
1375 4039 1423 4091 1⁰7,

434 4097 460 4154 6.
478 4105 731 4177 Subdetisjq'unt'um
747 4117 839 4156 uruat.
856 4107 894 4157 Ex
937 4101 984 4156 ubi
998 4121 1047 4174 pro
1063 4122 1141 4174 «quse
1155 4122 1188 4156 ne
1202 4104 1294 4157 iecisse
1310 4103 1422 4156 mobeat-

398 4182 548 4248 Ignorantia
555 4185 636 4236 moris
646 4181 797 4236 Judoeorum
807 4183 894 4252 doqu-
937 4186 1023 4238 vanus
1038 4182 1152 4254 quedem
1163 4183 1311 4248 videatur„
1326 4183 1360 4236 uI.
1374 4197 1422 4234 me-
