3040 5118
366 503 433 571 368
740 503 777 566 C.
803 501 1036 568 SUETONH

362 627 527 724 juxtaque
539 630 646 721 ripum
661 625 768 694 Rheni
783 623 920 694 sedibus
934 628 1109 718 assignetis
1121 625 1306 696 collocavit.
1321 631 1412 712 Ques

366 739 411 808 ob
432 763 504 822 res,
529 754 562 808 et
582 736 722 820 ⁸ovaus,
744 753 779 804 et
797 761 902 806 curru
925 736 1050 805 Urbem
1069 740 1240 830 ingressus
1260 754 1328 822 est,
1350 741 1414 831 pri

366 866 481 940 must,
494 866 534 918 ut
546 847 685 944 quidum
703 865 841 943 putant,
856 847 1115 944 triumphalibus
1134 853 1343 918 ornamentis
1355 849 1416 918 bo

367 977 523 1044 noratus,
537 984 626 1030 novo
638 983 702 1028 nec
714 961 984 1055 antencuiqusm
993 959 1119 1028 tributo
1130 985 1253 1054 genere
1264 960 1413 1028 honoris.

367 1074 615 1164 Megisuuttts¹⁰
638 1089 673 1139 et
696 1073 859 1140 maturius
884 1070 1072 1152 inchoavit,
1098 1088 1131 1140 et
1152 1094 1250 1165 paene
1271 1068 1415 1164 junctim

366 1187 576 1278 percucurrit
596 1199 817 1279 quoestursm,
839 1201 1039 1278 praeturam,
1060 1182 1294 1252 consulatum:
1318 1186 1418 1250 inter·

366 1301 544 1392 positoque
566 1313 737 1390 tempore,
758 1294 913 1365 Consul¹¹
938 1298 1060 1364 iterum
1083 1299 1181 1366 etiem
1201 1297 1417 1366 tribuniciam

366 1423 568 1500 potestatem
582 1409 617 1474 in
630 1408 902 1502 quinquennium
914 1410 1054 1500 accepit.

412 1521 453 1585 X.
479 1521 546 1584 Tot
559 1519 730 1609 prosperis
747 1513 1013 1600 confluentibus,
1028 1517 1156 1608 integra
1167 1532 1266 1586 etate
1277 1538 1321 1582 ac
1332 1515 1416 1584 vele

367 1627 500 1708 tudine,
524 1627 654 1695 stamit¹
676 1643 814 1722 repente
833 1625 1006 1711 secedere,
1025 1651 1128 1724 seque
1146 1652 1165 1695 e
1183 1625 1295 1694 medio
1313 1649 1416 1721 quam

366 1735 563 1830 longissime
575 1759 748 1805 emovere:
764 1734 923 1821 dubium,
937 1740 1095 1806 uxorisne
1110 1737 1224 1822 taedio,
1241 1761 1347 1832 quern
1361 1761 1418 1804 ne·

367 1867 435 1940 que
461 1847 631 1913 criminari
652 1861 713 1914 aut
733 1843 900 1914 dimittere
922 1845 1081 1932 auderet,
1104 1871 1216 1944 neque
1234 1847 1327 1914 ultra
1345 1871 1418 1940 per-

367 1953 455 2022 ferre
473 1970 603 2046 posset,
620 1980 663 2022 an
679 1971 734 2038 ut,
753 1957 874 2025 vitato²
889 1955 1091 2027 assiduitatis
1106 1956 1255 2040 fastidio,
1273 1960 1417 2028 auctori·

405 2141 430 2194 8.
449 2141 486 2193 Et
497 2161 590 2209 ouans,
601 2153 626 2194 et
635 2159 727 2210 curru,
741 2159 791 2197 etc.
805 2145 871 2199 Ova·
915 2145 988 2200 Vidit
1004 2145 1057 2200 hor
1076 2149 1258 2214 Burmannus,
1277 2158 1305 2198 et
1325 2145 1418 2216 negle-

370 2221 479 2273 tritanu.
494 2219 556 2290 745.
568 2223 635 2286 Dio,
648 2223 703 2290 Lv,
715 2240 739 2275 n.
753 2225 821 2278 Vell.
834 2225 871 2292 11,
915 2228 984 2278 xiste
993 2224 1323 2278 mirurWollium.-l³ro
1338 2224 1419 2276 burro·

369 2299 420 2368 96:
435 2301 541 2370 «Hujus
551 2301 666 2354 victorin
678 2320 788 2374 compos
799 2304 871 2356 Nero
915 2316 997 2370 ratus,
1009 2303 1042 2356 nl.
1053 2315 1166 2357 ornabo.
1175 2301 1245 2357 lllud
1254 2303 1383 2356 Suetonio
1392 2303 1419 2354 in

369 2395 449 2432 ovant
460 2377 638 2451 triumphavit.
650 2402 661 2426 ι
674 2378 778 2432 Scilicet
789 2384 872 2454 turpis
916 2401 967 2435 usu
979 2394 1027 2434 est.

371 2455 493 2509 adulator
506 2456 596 2510 dicere
612 2456 696 2509 noluit
709 2459 872 2528 simpliciter,
956 2477 995 2513 to.
1018 2461 1202 2535 Mapisttutus,
1225 2475 1276 2514 etc.
1298 2462 1422 2530 thur

370 2553 464 2588 ovasse
490 2534 633 2588 Tiberium.
664 2539 746 2590 Curru
770 2539 872 2608 justum
916 2539 1419 2610 factussnu.73o;l’raetur,unn.738.

370 2615 533 2688 triumphum
548 2618 676 2688 egitann.
694 2617 744 2686 747
761 2615 794 2668 de
808 2617 874 2669 Ger-
917 2617 1015 2671 Constd
1037 2631 1126 2670 nutem
1146 2621 1260 2690 primurn
1280 2619 1335 2672 fuit
1357 2637 1419 2670 anu.

370 2697 463 2747 munis.
482 2698 548 2764 Dio,
566 2692 620 2761 LV,
639 2697 664 2749 8.
680 2695 746 2750 Vell.
766 2697 803 2762 11,
821 2714 871 2768 97:
918 2697 983 2768 741,
1002 2699 1065 2749 'cum
1087 2695 1216 2763 Quintilio
1236 2699 1328 2765 Varo,
1348 2696 1421 2749 unde

374 2775 462 2825 uTutn
476 2774 542 2828 alter
551 2773 701 2847 triumphus
713 2794 774 2827 cum
788 2776 872 2832 altero
909 2775 1027 2848 junctim
1040 2795 1096 2828 non
1108 2777 1186 2830 nimis
1200 2789 1241 2829 est
1254 2775 1419 2850 urgendum,

371 2853 510 2906 consulatu
518 2856 542 2907 ei
550 2855 729 2910 oblutusest.·
740 2855 794 2909 Sibi
803 2857 873 2917 enim
918 2855 965 2911 sed
978 2853 1178 2926 intelligendum
1189 2854 1223 2908 de
1239 2857 1365 2930 neglecto
1377 2875 1421 2910 re»

371 2934 749 3001 constans,ovstionemillnm
757 2937 873 3008 priorem
918 2948 973 2987 tere
994 2934 1087 2988 ordine
1105 2933 1207 3002 enneli,
1230 2955 1284 3008 quo
1304 2950 1331 2988 et
1349 2951 1421 2989 outa

372 3010 534 3082 triumphurn
545 3012 616 3066 dicit.
627 3015 667 3065 De
677 3013 728 3066 olio
739 3014 873 3088 triumpho
917 3025 979 3064 ntae
992 3013 1101 3084 singulis
1117 3013 1314 3084 magistratibus
1326 3015 1421 3066 incun-

370 3103 433 3162 pust
445 3090 558 3142 reditum
570 3111 601 3144 ex
611 3091 696 3146 insule
706 3093 801 3146 Rhodo
814 3091 874 3147 vide
918 3089 975 3156 dis,
994 3105 1019 3144 et
1037 3105 1139 3144 ceruum
1157 3092 1343 3158 intervallum,
1359 3105 1422 3165 post

371 3167 404 3220 ad
418 3187 478 3242 cap.
493 3186 532 3238 ¹7·
918 3169 991 3242 quod
999 3189 1068 3222 nove
1077 3171 1283 3243 petitiolicenet,
1294 3185 1422 3226 entecn-

406 3264 432 3316 9.
451 3247 608 3301 Primus...
622 3251 822 3325 triumphalibus
833 3272 874 3306 ou·
918 3251 1049 3303 stitutum.

371 3325 658 3392 ramentisltouorutun
666 3332 696 3383 Α.
705 3333 738 3384 U.
747 3331 874 3400 74nDio,
957 3345 996 3382 11.
1010 3329 1107 3384 Comul
1116 3332 1225 3395 itonam
1237 3331 1264 3384 id
1274 3345 1331 3398 est,
1340 3351 1374 3386 ex
1383 3351 1422 3385 su-

370 3407 435 3472 LlV,
446 3406 489 3459 31.
501 3405 612 3459 Addidit
621 3423 708 3460 autem
719 3423 812 3462 auctor
818 3411 875 3484 pri·
917 3409 991 3462 lenni
999 3409 1351 3486 auctorisbrevitate,quunt
1359 3413 1422 3466 Gon·

370 3504 439 3550 mus,
456 3496 487 3536 ut
501 3487 607 3560 quidam
617 3498 728 3560 pectant,
746 3490 873 3561 quoniam
917 3485 959 3542 sul
974 3488 1067 3542 iterum
1078 3489 1179 3560 fuisset.
1200 3489 1241 3542 cf.
1261 3490 1295 3544 ed
1314 3491 1381 3545 Cas.
1399 3508 1422 3554 r,

370 3567 873 3644 eliiputabant,prirnodgrippoehunc
918 3567 1027 3626 Flamen
1048 3567 1133 3622 Dialis
1152 3569 1301 3630 destinatur.
1324 3573 1420 3624 lterum

370 3643 499 3698 bonorem
516 3647 598 3700 fuisse
615 3647 758 3716 tributum,
775 3649 873 3722 quibus
918 3647 1017 3703 Consul
1032 3647 1083 3700 fuit
1094 3647 1215 3702 Tiberius
1227 3669 1290 3704 unu.
1304 3649 1372 3722 747:
1383 3652 1422 3702 ri-

370 3726 474 3778 aecedit
484 3727 548 3792 Dio,
558 3727 624 3792 LlV,
635 3729 677 3795 nl.
688 3728 726 3780 De
737 3746 874 3780 ornameu·
919 3727 953 3780 de
964 3727 999 3781 ed
1010 3729 1078 3802 Aug.
1092 3748 1135 3800 27,
1148 3744 1228 3804 etque
1240 3734 1349 3784 omniuo
1362 3731 1421 3784 luet

370 3803 401 3855 tis
414 3803 613 3875 triumphalibus
623 3806 681 3858 vide
697 3806 731 3858 ud
744 3808 810 3880 Aug.
829 3807 872 3862 38.
918 3811 1026 3878 Dionis,
1040 3828 1098 3882 quse
1110 3813 1174 3863 eitnt
1186 3813 1337 3884 Bnnmgun.

369 3882 468 3934 Nostro
481 3881 542 3935 loco
558 3904 608 3956 pro
623 3886 722 3958 primus
737 3885 770 3938 ul.
787 3887 871 3959 prius,
953 3889 986 3942 X.
1009 3908 1031 3942 1.
1052 3892 1153 3944 Statuit
1170 3905 1274 3965 repente
1291 3893 1420 3951 secederet

371 3963 444 4033 quod
454 3984 544 4018 verum
558 3966 680 4038 quidem
692 3987 752 4022 num
762 3969 822 4021 tulit
830 3971 872 4020 Ti·
918 3987 979 4022 auu.
994 3969 1059 4040 748,
1075 3990 1159 4025 auitos
1173 3986 1252 4027 nutus
1263 3972 1309 4027 36.

370 4039 459 4095 berius
471 4041 527 4096 haec
541 4060 697 4102 ornaments
711 4048 788 4098 tertio
801 4065 871 4100 anno
954 4067 978 4102 2.
991 4050 1081 4123 Vituto
1088 4051 1244 4106 assiduitatis
1246 4051 1368 4124 fastidio.
1375 4052 1420 4106 At·

371 4134 433 4171 ante
446 4123 611 4184 ovationem
626 4124 672 4177 sed
684 4125 746 4178 ferri
757 4144 812 4177 non
823 4145 872 4197 po·
917 4129 1062 4182 uiduitatem
1070 4130 1188 4202 intellige
1194 4147 1351 4204 perpetuam
1357 4152 1418 4204 pm

371 4212 421 4251 test
434 4199 469 4251 ob
480 4201 598 4254 additum
610 4216 637 4255 ut
648 4205 754 4276 qttidum
767 4219 868 4278 putant.
918 4211 1042 4276 sentium,
1055 4230 1105 4282 qua
1120 4211 1277 4282 plerumque
1289 4213 1332 4280 lit,
1341 4225 1371 4264 ut
1381 4232 1419 4265 ce·
