3096 5124
380 501 446 568 238
757 501 793 564 G.
820 500 1051 567 SUETONll

378 632 589 724 insertosque
603 629 726 695 civium
747 651 890 694 numero
910 630 1144 720 comperisset,
1161 631 1297 721 negavit
1312 654 1430 726 aceep-

377 757 488 822 turos,
506 738 628 833 quibus
650 740 855 831 promissum
874 761 944 804 non
963 754 1071 822 esset3
1091 742 1279 834 ceterisque
1297 744 1427 826 minus,

378 876 482 948 quam
497 853 712 944 promiserat,
732 846 841 932 dedit,
859 865 898 914 ut
914 846 1080 917 destinata
1098 873 1230 918 summa
1247 852 1426 920 sufficeret.

378 968 502 1053 Magna
527 984 606 1027 vero
627 957 818 1054 quondam6
842 957 1031 1041 sterilitate,
1053 984 1094 1028 ac
1115 957 1242 1030 difficili
1261 963 1427 1046 remedio,

379 1097 486 1169 quum
508 1069 686 1140 venalicias
710 1087 744 1138 et
763 1070 961 1138 lanistarum
982 1071 1141 1156 familias,
1164 1078 1427 1170 peregrinosque

378 1179 1428 1279 omnes‚exceptismedicisetpraeceptoribus,partemqueser

379 1291 553 1374 vitiorum,
567 1291 658 1358 Urbe
672 1290 871 1383 expulisset3
889 1307 928 1357 ut
941 1289 1078 1359 tandem
1092 1317 1228 1394 annona
1239 1294 1424 1378 convaluit,

384 1407 588 1498 «impetum7
609 1427 645 1470 se
663 1405 817 1495 cepisse»
836 1401 968 1484 scribit,
994 1405 1294 1474 “frumentationes
1316 1407 1426 1499 publi·

380 1538 437 1588 cas
454 1515 488 1580 in
502 1527 706 1606 perpetuum
719 1509 891 1593 abolendi,
905 1511 1003 1607 Ι(ῙιιοάΙ
1020 1538 1137 1581 earum
1155 1513 1278 1583 fiducia
1296 1517 1426 1586 cultura

379 1651 540 1718 agrorum
561 1641 723 1694 cessaret:
744 1647 854 1718 neque
874 1641 989 1692 tamen
1001 1650 1249 1718 perseverasse,
1264 1632 1346 1722 quis
1359 1651 1426 1697 cer·
1502 1699 1506 1710 ,
1542 1695 1543 1704 ,

381 1752 454 1805 tum
462 1736 616 1817 haberet,
628 1733 746 1828 posse⁸
753 1734 1036 1828 perambitionem
1045 1733 1249 1832 quandoque
1257 1741 1421 1806 restitui.»

380 1849 489 1942 Atque
496 1849 562 1914 ita⁹
569 1845 709 1938 posthac
716 1869 789 1912 rem
798 1854 822 1883 ¹⁰
830 1847 1045 1938 temperavit,
1057 1864 1171 1918 utnon
1181 1851 1349 1916 minorem
1358 1873 1425 1916 ara·

379 2063 881 2138 mensalialegitimorumciviumcom·
925 2063 1070 2134 credimus,
1086 2064 1235 2140 cedson),
1248 2083 1423 2140 reposuerunt

381 2143 459 2196 moda
481 2143 698 2210 admitterentur,
721 2157 747 2196 at
764 2162 825 2196 mox
846 2141 881 2196 ad
923 2161 956 2195 ex
967 2161 1021 2196 uno
1033 2144 1132 2198 Codice
1141 2156 1201 2216 post
1212 2165 1246 2200 se.
1259 2148 1294 2199 At
1306 2146 1423 2220 idexpri

380 2235 507 2294 patronos
535 2239 597 2273 euos
623 2223 713 2273 omnia
737 2220 878 2274 deferrent.
924 2239 960 2273 nn
975 2225 1030 2292 jam
1048 2223 1152 2276 videtur
1168 2227 1290 2295 sequenti
1309 2227 1423 2298 qssando-

416 2301 442 2353 6.
462 2303 562 2374 Magna
577 2321 635 2354 vero
648 2301 778 2370 quondam
789 2300 880 2354 sterili-
923 2321 986 2376 que,
996 2307 1014 2356 i.
1027 2323 1050 2358 e.
1063 2303 1208 2377 aliquando
1220 2321 1282 2378 poet
1295 2325 1338 2372 se,
1348 2320 1422 2378 etque

381 2393 446 2448 tate,
466 2395 515 2433 eto.
535 2381 661 2444 Orosius,
680 2381 742 2446 Vll,
764 2380 797 2446 3,
814 2399 880 2432 con·
925 2379 1019 2447 fateor,
1038 2400 1093 2434 uon
1109 2381 1178 2434 adeo
1196 2403 1239 2435 rue
1260 2385 1363 2437 offendi
1379 2385 1421 2437 ille

381 2458 813 2532 temtotemploHierosolymitano
822 2477 880 2512 eam
922 2477 1002 2531 posse.
1015 2460 1123 2512 Certum
1134 2465 1202 2513 enim
1217 2462 1258 2514 rel
1270 2481 1422 2534 persuasum

380 2539 555 2592 calamitatem
581 2537 686 2603 tribuit,
712 2537 839 2608 additque
865 2557 880 2590 e
925 2541 974 2592 sibi
987 2543 1046 2612 quis
1060 2540 1157 2594 babere
1170 2543 1422 2614 potest,forsnnlo·

380 2621 493 2672 Nostro:
509 2641 521 2666 a
533 2620 624 2688 ltaque
634 2635 704 2669 anuo
714 2619 816 2688 imperii
827 2616 880 2668 Cre·
924 2637 952 2672 re
960 2658 969 2686 ,
978 2633 1008 2672 ut
1019 2620 1121 2692 aliquid
1132 2621 1192 2688 liat,
1203 2623 1220 2673 i.
1235 2641 1259 2675 e.
1269 2641 1352 2694 posse
1361 2625 1421 2676 fieri.

381 2699 446 2749 seris
465 2695 667 2767 quadragesimo
687 2710 798 2762 octavo,
813 2695 879 2748 adeo
924 2701 1045 2752 Fortasse
1057 2702 1135 2752 etiam
1149 2719 1222 2772 posse
1233 2703 1345 2755 inservit
1356 2704 1423 2775 peri·

380 2775 878 2840 direRomanosfamescensecutaest,
923 2775 1014 2846 phrasi
1032 2779 1114 2830 flaturi
1131 2778 1204 2831 verbi
1222 2781 1332 2834 restitui.
1349 2783 1422 2834 Cete-

381 2867 410 2905 ut
422 2855 509 2906 Caesar
517 2853 670 2905 lanistarum
681 2853 807 2918 familias,
822 2845 880 2905 olu-
924 2873 996 2922 rum,
1019 2875 1102 2927 quum
1124 2872 1242 2924 constet,
1267 2860 1421 2912 infinitivum

381 2953 479 3006 nesque
501 2935 669 3002 peregrinos,
692 2951 879 3004 servorumque
924 2938 1058 3007 praesentis
1075 2955 1143 3008 saepe
1155 2939 1218 3009 poni
1230 2955 1279 3010 pro
1296 2942 1421 2993 infinitivo

380 3014 505 3063 maximas
523 3014 629 3082 copias,
644 3015 758 3081 exceptis
773 3011 879 3063 medicis
923 3018 1022 3082 futuri,
1033 3018 1066 3070 de
1074 3038 1125 3090 qua
1136 3040 1164 3072 re
1174 3022 1208 3072 cl.
1220 3021 1346 3076 Oudend.
1356 3023 1420 3075 adh.

381 3107 407 3145 et
417 3091 638 3165 preceptoribus,
656 3092 724 3143 trudi
736 3093 800 3142 urbe
815 3110 880 3162 prte-
924 3097 958 3162 l.,
971 3097 1059 3148 malim
1070 3101 1191 3152 omittere
1201 3099 1266 3151 illud
1278 3121 1353 3174 posse
1364 3119 1421 3155 earn

380 3175 510 3242 ceperit.»
524 3171 563 3221 Cl.
578 3172 642 3235 Dio,
652 3174 703 3230 LV,
715 3171 760 3237 26,
773 3171 806 3222 ad
817 3189 878 3223 ann.
923 3176 1030 3226 Juntinn
1049 3189 1075 3226 et
1093 3174 1205 3242 Aldina,
1221 3177 1344 3231 additum
1359 3182 1422 3232 forte

378 3253 441 3323 ⁶759.
458 3253 627 3321 Praeceptum
643 3251 758 3322 intellige
775 3251 880 3303 Grecos
924 3253 957 3304 ab
967 3273 1014 3320 eo,
1029 3274 1107 3326 quem
1119 3258 1220 3308 vexarit
1231 3257 1375 3310 infinitivus
1390 3275 1422 3309 re·

379 3327 526 3401 γραμμῶν
537 3327 699 3385 tremendam.
923 3335 1009 3400 stitni,
1025 3334 1066 3386 rel
1084 3347 1171 3387 ortum
1186 3353 1217 3387 er
1227 3349 1286 3407 post
1296 3355 1338 3404 se,
1353 3333 1421 3410 quod

417 3430 441 3482 7.
451 3410 719 3482 Impetumsecepisse.
729 3409 880 3480 Subjectnm
924 3412 1053 3482 glossema
1068 3427 1124 3464 erat
1137 3417 1209 3465 vocis
1224 3417 1389 3488 quandoque.

381 3489 408 3542 h.
425 3491 441 3542 l.
454 3503 493 3542 est
507 3508 540 3541 se.
552 3491 638 3553 lnlra,
652 3487 734 3557 Calig.
746 3489 796 3554 43,
814 3507 880 3540 sex·
960 3508 985 3559 9.
1005 3492 1126 3543 Posthac.
1141 3495 1179 3544 lta
1192 3512 1206 3544 e
1218 3493 1302 3545 Codd.
1317 3495 1422 3547 dederat

379 3567 521 3640 peditionis'
533 3566 693 3619 Germanice
704 3568 829 3638 impetum
841 3585 881 3619 ce·
925 3570 992 3622 Rob.
1004 3570 1169 3642 Stephanus,
1181 3585 1206 3621 et
1216 3571 1333 3625 reddidit
1342 3572 1420 3625 wolf.

379 3649 454 3719 pit„
472 3645 571 3698 Othon.
591 3663 625 3714 9,
646 3645 705 3695 «Ac
721 3647 809 3696 statim
824 3663 881 3697 mo·
924 3649 1028 3717 Vulgo,
1039 3661 1098 3721 pust
1109 3649 1177 3700 lanc
1192 3669 1260 3714 mm,
1278 3652 1422 3722 quodcum

380 3728 602 3798 riendit'mpetum
617 3727 714 3796 cepit·
899 3719 903 3726 ’
924 3728 1036 3780 fundere
1063 3743 1169 3800 poterat
1192 3729 1340 3796 lectorem,
1366 3749 1420 3785 roc.

416 3809 441 3858 8.
461 3808 537 3858 l’nsse
550 3823 598 3877 per
609 3803 779 3856 ambitionem
796 3823 880 3876 quatt-
922 3821 995 3881 post,
1016 3809 1033 3859 i.
1050 3827 1074 3860 e.
1089 3819 1193 3881 postea,
1213 3811 1362 3881 eapientem
1377 3827 1421 3882 pro

380 3887 462 3959 doque
476 3886 585 3946 restitui,·
606 3899 811 3956 persequentes
830 3887 882 3935 lm·
925 3889 1118 3958 praepositione.
1138 3887 1303 3941 Burmannus
1321 3891 1422 3961 conjicit

380 3982 532 4036 peratores,
545 3979 573 4016 ut
590 3963 683 4036 populi
701 3967 817 4016 favorem
830 3965 880 4017 sibi
923 3967 1018 4038 potius.

279 4085 284 4097 .
381 4043 560 4096 conciliarent.
577 4043 680 4110 Quibus
696 4063 749 4095 uon
765 4042 880 4113 placuit,
964 4061 1003 4096 ro.
1023 4045 1085 4095 Rem
1100 4047 1265 4115 temperavit,
1279 4059 1338 4100 stt...
1350 4048 1422 4101 retis·

381 4133 479 4175 eertum
494 4123 611 4188 ment,
623 4141 696 4194 posse
707 4121 796 4194 (quod
810 4124 880 4174 enim
925 4143 985 4177 nent
1006 4124 1118 4177 deceret·
1141 4125 1254 4178 Duceret
1275 4125 1346 4182 edidi
1365 4143 1421 4180 eon

380 4215 482 4256 eertum
491 4201 734 4272 babemus,idnon
742 4201 881 4276 pessefierl
924 4203 1039 4273 Wolfio,
1052 4217 1193 4276 postquam
1209 4203 1279 4258 Mera
1292 4209 1421 4278 jusserant
