2982 5116
359 525 519 590 ocrru
545 525 806 591 incussus.
1037 527 1104 617 295
1205 623 1211 632 Ι

75 651 229 721 utendum
245 665 348 734 esset,
365 664 542 720 contentus
561 650 625 718 hoc
643 665 728 731 erat,
748 665 808 716 att
827 646 976 719 insidens
994 649 1106 742 ligneo

75 763 166 844 solio,
179 761 269 857 quod
280 763 352 854 ipse
362 763 543 854 Hispanico
555 759 658 830 verbo
669 761 809 828 duretam
819 759 974 844 vocabat,
985 783 1107 828 manus

73 900 109 943 ac
119 872 219 966 pedes
233 874 371 942 alternis
383 871 534 966 jactaret.

114 987 290 1052 LXXXIII.
315 985 596 1052 Exercitationes¹
615 997 818 1074 campestres
833 1005 999 1076 equorum
1012 997 1047 1048 et
1058 1006 1109 1048 ar·

72 1119 199 1164 morum
209 1098 321 1164 statim
330 1111 407 1188 post
415 1095 525 1163 civilia
535 1093 623 1164 bella
630 1091 871 1176 omisit‚et²ad
882 1092 985 1185 pilam
997 1094 1107 1184 primo

72 1204 318 1300 folliculumque
331 1210 477 1290 transiit,
491 1230 569 1274 mox
588 1203 673 1274 nihil
690 1201 781 1271 aliud
796 1227 898 1298 quam
911 1203 1107 1272 vectabatur

73 1333 105 1383 et
114 1315 361 1400 deambulabat,
376 1321 421 1387 ita
432 1337 471 1387 ut
481 1317 659 1388 extremis³
672 1319 786 1410 spatiis
799 1314 978 1383 subsultim
993 1312 1108 1382 decur-

71 1446 172 1512 reret,
195 1428 356 1522 tsegesni
379 1430 434 1499 vel
460 1430 605 1499 lodicula
629 1430 812 1498 involutus.
838 1429 949 1495 Animi
962 1425 1108 1518 'laxandi

73 1563 168 1608 musa
185 1541 287 1610 modo
304 1542 495 1636 piscabatur
510 1542 626 1625 hamo,
645 1540 748 1610 modo
766 1537 841 1607 talis
862 1538 940 1606 aut⁵
961 1537 1108 1605 ocellatis

72 1651 274 1746 nucibusque
292 1652 430 1721 ludebat
452 1677 529 1720 omn
551 1655 665 1745 pueris
683 1653 837 1734 minutis,
863 1670 947 1744 quos
971 1649 1055 1714 facie
1076 1663 1110 1714 et

73 1762 283 1855 garrulitate⁶
310 1765 472 1833 amabiles
496 1763 647 1859 undique
675 1759 912 1858 conquirebat,
941 1761 1110 1852 praecipue

72 1926 229 1997 recapitede
231 1925 391 2000 frigidarum
399 1947 449 1982 usu
457 1931 566 1983 dixerat.
611 1927 722 1979 Observ.
737 1925 813 1990 XIII,
830 1924 876 1990 13,
891 1921 1044 1994 interpretes
1056 1940 1111 1974 uno

105 2021 129 2073 7.
152 2005 185 2058 Ut
196 2005 310 2059 {addens
320 2005 406 2078 ligneo
417 2007 496 2066 solim·
511 2024 567 2058 sca·
613 2025 659 2059 ore
688 2004 894 2068 collaudarent,
923 2017 949 2054 et
974 2003 1113 2054 illustrauit

72 2101 130 2134 muo
139 2082 267 2136 balneari.
284 2083 349 2136 Plin.
362 2087 461 2138 Hittbr.
474 2087 567 2137 Natur.
612 2082 752 2154 multiplici
766 2081 914 2134 eruditione
927 2079 1111 2132 Caaaubonus.

72 2161 189 2229 XXXIII,
202 2180 233 2215 η
247 2161 325 2234 (54),
335 2179 448 2217 astratus
460 2177 568 2237 argento
612 2160 690 2232 Vulg.
704 2160 815 2213 sestertio
832 2157 987 2225 Turnebus,
1004 2157 1113 2210 Adsere.

71 2241 207 2293 mulierum
219 2239 357 2294 balineas·
370 2257 401 2295 ut
412 2247 453 2296 aui
463 2257 567 2315 tempo·
612 2243 663 2307 lll,
679 2241 726 2307 18,
740 2237 888 2310 explicabat
902 2235 936 2289 de
948 2250 1019 2290 veste
1031 2235 1113 2289 duum

73 2320 245 2374 rialnxuriam
257 2321 376 2374 damnat.
613 2325 641 2374 iu
662 2339 767 2374 omnem
786 2331 890 2391 partem
908 2317 1007 2389 pedum
1025 2329 1052 2370 et
1071 2335 1114 2370 se-

104 2399 242 2454 Lxxxtn.
258 2419 282 2453 1.
292 2402 495 2456 Exercitationes
503 2421 570 2454 cam·
614 2403 708 2455 missis.

71 2489 173 2550 vemt
188 2499 247 2552 quet
258 2482 286 2532 ln
298 2481 398 2552 Campo
409 2481 509 2534 Martio
520 2479 570 2533 ha·
650 2487 675 2539 5.
694 2485 750 2539 Aut
768 2484 901 2549 ocellatis,
923 2496 973 2536 etc.
996 2482 1115 2536 Ocellare

73 2554 211 2610 bebimus·
615 2567 727 2621 Gasaub.
739 2569 925 2638 interpretatur
938 2563 1062 2636 globulos
1073 2563 1115 2617 vel

106 2656 130 2691 ²·
149 2640 185 2691 III
205 2639 242 2692 ad
256 2638 342 2710 pilam
357 2642 444 2712 primo
455 2640 569 2711 follicu·
614 2647 733 2719 lapideos
751 2645 793 2698 vel
809 2645 940 2698 eburneos
959 2643 1001 2695 vel
1015 2662 1046 2695 ex
1065 2643 1116 2696 alia

74 2717 189 2790 Imque,
209 2731 261 2771 ett-
276 2718 357 2772 Follis
369 2738 416 2772 δοῦ
436 2718 572 2788 folllwlut
615 2746 668 2800 qna
682 2729 807 2792 materia,
826 2724 923 2797 quibus
942 2723 1005 2776 olim
1021 2723 1116 2794 puella

72 2798 178 2850 minoris
195 2795 257 2868 pilea
270 2798 322 2849 tuit
333 2817 425 2870 genus.
439 2799 479 2850 De
492 2800 570 2852 variis
614 2806 755 2870 ludebant,
770 2816 959 2876 comparatque
974 2813 1062 2856 teretes
1075 2801 1116 2854 Ia-

72 2875 148 2947 ltujus
161 2877 237 2930 lusus
252 2875 338 2930 modis
350 2880 384 2930 cI.
400 2876 492 2931 Adam.
508 2877 570 2930 Ant.
613 2885 694 2959 pillos
710 2882 786 2938 Ovid.
804 2885 911 2936 Metam.
926 2881 966 2948 X,
982 2879 1042 2932 260.
1062 2878 1117 2931 Ta-

71 2955 144 3007 Ilffl·
157 2968 224 3008 1⁰⁰¹·
237 2957 273 3021 Π,
284 2973 312 3026 P·
326 2955 376 3008 ²¹5
388 2974 443 3026 ⁸²sp
617 2965 655 3018 Ios
671 2979 796 3037 nueesqaoe
814 2974 845 3012 ut
862 2960 936 3013 lusus
951 2957 1061 3029 puerilis
1076 2959 1119 3010 ln·

106 3034 130 3086 3·
144 3033 274 3086 Exmml‘
281 3033 378 3105 Spssffiss·
389 3034 487 3097 0¹¹¹le
500 3032 572 3103 q1¹⁰d
616 3055 763 3096 strumenta
772 3041 858 3112 jungit
870 3039 949 3090 etiam
958 3038 1050 3088 Horat.
1064 3035 1116 3087 sar.

72 3113 98 3164 ia
107 3113 195 3166 multia
208 3112 298 3179 abest,
311 3113 352 3178 ire,
364 3113 400 3165 ob
412 3131 513 3164 morem
525 3130 573 3163 an·
616 3125 649 3189 Πν
662 3135 707 3190 ¹7¹
712 3159 721 3186 ‚
730 3121 842 3172 etfiufitjg
852 3114 1042 3182 saturnalibus,
1052 3117 1120 3168 Mar.

73 3194 150 3247 cteris
171 3195 268 3265 saepius
292 3205 422 3246 notatum.
444 3192 573 3244 Extremas
616 3200 672 3253 fiat,
685 3203 718 3267 v,
732 3199 780 3265 84,
795 3215 824 3250 ις

72 3271 159 3341 spatiis
169 3285 210 3326 est
220 3271 270 3324 snb
285 3271 364 3324 finem
375 3271 572 3324 ambulationis.
656 3289 702 3329 tam
709 3287 774 3328 resen
781 3283 875 3327 eantur
881 3297 932 3340 puer
938 3284 1022 3325 reticete

72 3350 109 3402 Ita
119 3350 174 3403 cia.
186 3351 222 3404 de
234 3351 307 3404 Orat.
320 3353 332 3402 l
338 3390 348 3418 ‚
361 3369 387 3421 7,
402 3369 535 3422 equum..
545 3350 573 3400 in
657 3350 752 3392 clamare
758 3346 994 3400 ntwtunmtlssffl·

75 3430 280 3484 ambulationem
290 3444 398 3484 vamum
408 3443 489 3492 amn
503 3428 574 3481 dice.
618 3422 722 3472 Persius
738 3419 869 3490 denique,
888 3416 923 3469 de
938 3415 1014 3469 senili
1026 3427 1119 3480 aetate,
1147 3433 1150 3440 ·

73 3505 118 3560 bat
135 3523 208 3577 tum,
227 3509 384 3575 scevolam,
403 3509 498 3561 duobus
514 3527 574 3579 spa·
618 3503 710 3566 l‚1o,
727 3499 855 3550 saucibus
867 3499 978 3548 facimus
994 3512 1119 3568 quascun-

73 3587 113 3638 tr'r’t
126 3587 236 3642 tribum
243 3587 339 3659 factis,
350 3587 455 3640 dixisse.
467 3611 479 3634 ι
495 3587 573 3639 Conf.
620 3595 670 3650 que
683 3576 808 3630 rellssllw

73 3667 154 3720 IIiaol.
167 3668 351 3722 Observation.
370 3671 398 3720 in
417 3669 502 3721 Cicer.
524 3666 574 3721 sub
654 3667 680 3719 6.
698 3665 735 3717 Et
752 3663 907 3738 partialitate
923 3658 1047 3712 amabiles
1053 3682 1064 3722 ,-
1086 3658 1121 3712 da

72 3745 166 3800 vocab,
177 3747 302 3820 spatium.
320 3748 407 3800 Finita
422 3749 501 3817 igitur
519 3747 575 3798 fere
620 3742 717 3815 quibus
727 3744 818 3796 Senec.
832 3740 864 3792 de
878 3739 969 3800 Conse.
983 3739 1043 3808 Sap.
1059 3755 1119 3808 cap.

74 3823 274 3894 ambulatione,
306 3825 445 3880 decurrere
471 3824 574 3878 solebat
623 3841 671 3876 rt:
689 3826 807 3875 «Pueros
820 3819 926 3892 quidem
940 3821 968 3870 in
984 3817 1121 3869 hocrner·

73 3904 208 3976 Angustus
228 3917 254 3958 et
270 3905 434 3972 subsultare,
448 3923 502 3977 quo
516 3923 575 3956 cor·
619 3915 714 3954 cantur
726 3917 869 3972 procaces,
888 3911 914 3950 et
925 3914 1020 3949 eorum
1031 3897 1123 3967 impu-

74 4000 122 4052 pus
137 3985 236 4038 fortius
249 3999 378 4051 motaret,
393 4005 424 4038 ex
438 3985 574 4057 praeceptis
620 3981 737 4034 dentiam
753 3993 871 4046 acuunt,
886 3991 912 4030 et
929 3976 978 4029 sub
996 3977 1123 4045 magistro

76 4061 248 4116 medicorum.
619 4061 728 4128 babent,
739 4059 889 4132 quiprobra
899 4057 1024 4111 meditate
1032 4055 1122 4109 effun-

108 4142 133 4208 4.
153 4143 276 4216 Sepestrir
294 4145 335 4196 vel
355 4144 481 4218 sepestrt'o.
500 4145 574 4194 Hanc
621 4142 699 4194 dant:
715 4159 764 4194 neo
781 4138 829 4192 has
848 4137 1023 4192 contumeliae
1042 4151 1122 4190 voce·

75 4219 174 4290 Gujacii
194 4221 424 4290 emendationem,
444 4222 575 4295 prolatam
621 4241 695 4287 mus,
707 4218 754 4275 sed
765 4219 912 4290 argutias.-
