2982 5116
384 527 449 610 arr
755 527 792 589 c,
817 524 1049 591 sor-:mun

380 655 471 745 prios
490 649 624 720 ordines
642 652 840 741 assignavit:
856 650 1077 743 praetextatis⁵
1093 672 1239 718 cuneum
1257 675 1367 734 suum,
1380 667 1415 719 et
1431 693 1435 703 ·

378 765 569 856 prox-imum
589 759 799 853 paedagogis:
823 763 1015 854 sanxitque,
1039 783 1082 827 ne
1099 757 1193 854 quis⁵
1214 761 1413 854 pullatorum

377 873 488 941 medin
510 895 609 940 cavea
631 871 771 938 sederet.
794 872 957 956 Feminis⁷
981 894 1024 937 ne
1043 859 1242 961 gladiatores
1265 869 1411 966 quidem,

378 1010 462 1080 quos
476 987 664 1078 promiscue
677 984 819 1076 spectari
835 980 984 1050 solemne
996 981 1076 1060 olim
1090 999 1176 1065 erat,
1190 985 1307 1050 nisiex
1321 1007 1413 1075 supe-

377 1099 463 1162 riore
476 1093 570 1162 loco⁸
584 1110 734 1186 spectare
745 1095 910 1160 concessit
920 1091 1012 1161 solis.
1025 1093 1217 1184 Virginibus
1227 1092 1410 1161 Vestalibus

375 1203 487 1272 locum
499 1205 533 1271 in
547 1203 677 1271 theatro
691 1205 883 1297 separatim,
897 1219 930 1268 et
944 1220 1061 1270 eontra
1076 1205 1252 1270 Pnoetoris⁹
1267 1202 1407 1270 tribunal

375 1313 477 1382 dedit.
493 1313 699 1381 Athletnrum
711 1338 790 1382 vero
805 1310 996 1406 spectaculo
1014 1311 1210 1380 muliebre¹⁰
1229 1335 1324 1379 secus
1341 1337 1407 1380 onr-

374 1447 434 1490 nes
444 1421 527 1490 adeo
536 1425 732 1507 summovit,
745 1440 783 1491 ut
794 1421 1043 1490 Pontilioelibus
1055 1433 1075 1462 ¹¹
1090 1419 1178 1490 ludis
1190 1422 1342 1516 pugilum
1352 1445 1408 1514 per

373 1604 453 1656 refert
474 1601 601 1657 honorem
623 1604 694 1656 huno
714 1604 869 1657 theatralem
913 1601 950 1654 hil
964 1603 1037 1655 eliud
1052 1621 1131 1674 qnam
1143 1620 1171 1654 se
1182 1603 1321 1674 ignorante
1333 1600 1405 1653 ludos

373 1683 449 1734 etiarn
468 1683 541 1754 Lips.
557 1686 585 1734 in
605 1685 712 1736 Excurs.
731 1684 764 1736 ad
784 1683 866 1736 Tacit.
913 1699 1005 1734 ausam
1020 1693 1173 1752 spectare.-

371 1759 466 1814 Annel.
478 1764 527 1828 111,
542 1761 575 1816 ²5
586 1761 668 1832 (tom.
682 1765 726 1828 IV,
740 1781 799 1834 pag.
816 1763 867 1832 399
948 1760 973 1812 8.
992 1760 1050 1812 Nisi
1060 1777 1091 1810 ex
1100 1757 1230 1830 superiore
1242 1756 1404 1816 tecm-irene

371 1840 438 1892 Edit.
450 1841 575 1910 nostre),
588 1841 648 1893 coll.
659 1843 770 1893 Mertiel.
782 1845 813 1907 V,
822 1841 865 1908 ln.
912 1857 1013 1892 summa
1031 1857 1128 1907 corea,
1146 1851 1173 1890 et
1189 1836 1265 1902 solis,
1285 1855 1338 1888 non
1351 1855 1404 1908 pro-

370 1949 406 1958 ·-
415 1919 519 1989 Proprii
529 1920 629 1971 ordines
640 1933 700 1970 sunt
713 1917 837 1972 subsellia
851 1939 867 1972 a
911 1919 1005 1971 miscue
1015 1936 1074 1969 cunr
1082 1919 1151 1970 viris.
1162 1915 1245 1968 Editt.
1257 1913 1312 1966 alie
1318 1917 1403 1966 vitiose

370 1996 867 2070 reliquisdistincte.lnutilieoonjectu·
910 1993 1403 2068 interpunctione,Solisuiryinibusl'e

369 2093 399 2128 ra
411 2088 449 2127 est
459 2077 559 2128 Ernest.
568 2079 711 2152 propiores,
723 2079 751 2130 in
760 2078 866 2149 vulgato
910 2076 1030 2141 statibus,
1044 2091 1094 2128 etc.

370 2152 467 2226 aliquid
486 2151 594 2206 honoris
611 2157 696 2208 inesse
710 2170 807 2209 temere
819 2176 867 2209 ne·
946 2171 971 2225 9.
991 2156 1026 2206 Er
1041 2164 1131 2206 contra
1147 2153 1270 2205 Prcetoris
1284 2151 1402 2213 tribunale

368 2233 462 2302 gentis.
481 2233 518 2284 lta
532 2251 607 2284 moxr
625 2235 798 2306 uvirginilrus
813 2239 867 2289 Ve-
912 2231 937 2284 id
952 2245 1005 2300 est,
1020 2252 1034 2284 e
1047 2235 1155 2302 regione
1168 2230 1307 2283 tribunalis
1318 2231 1401 2282 Preto-

369 2311 478 2365 entibus
494 2311 581 2364 locum
601 2314 628 2364 in
647 2311 749 2366 theatro
765 2333 867 2386 separa-
911 2315 961 2376 ris,
979 2314 1024 2381 qui
1038 2310 1106 2362 ludis
1120 2321 1241 2381 preerat.
1259 2311 1316 2360 Hoc
1329 2310 1400 2360 luisse

368 2391 455 2443 tim...
467 2391 571 2444 dedie-
912 2389 945 2441 nd
963 2387 1076 2441 Podium
1095 2389 1192 2460 probet
1208 2387 1280 2458 Lips.
1297 2386 1329 2438 de
1345 2389 1399 2438 dn·

404 2494 430 2547 ⁵.
449 2494 671 2548 reerexerint.
687 2495 825 2548 arcetur.
842 2513 863 2547 1.
912 2465 1128 2558 Philh·⁰'³1‘3¹¹·
1352 2545 1356 2554 Ι

366 2575 534 2626 ——Cuneum
548 2574 628 2625 Cuuei
637 2591 743 2625 scamno
754 2587 828 2626 erent
836 2577 864 2626 in
948 2563 987 2597 ¹⁰·
1007 2544 1136 2596 minin
1151 2561 1221 2596 ⁸⁰⁶¹ss
1237 2562 1337 2604 ΟΜ·
1350 2561 1365 2594 ¹·
1376 2561 1397 2594 θ·

365 2651 492 2717 theatris,
511 2665 620 2722 propter
636 2650 719 2702 scelos
731 2653 805 2722 juxte
820 2667 864 2704 ts·

366 2743 501 2802 turgentes
511 2733 539 2782 in
549 2733 626 2781 cunei
636 2732 748 2781 formum
755 2727 862 2782 directa.

366 2809 481 2880 Copiose
491 2809 523 2860 de
533 2810 564 2861 iis
575 2811 626 2880 egit
635 2808 707 2880 Lips.
718 2806 752 2860 de
760 2807 865 2880 Amphi·

366 2885 482 2954 theatro,
496 2907 519 2938 o.
534 2887 573 2938 13.

399 2989 425 3041 6.
444 2989 485 3040 Ne
496 2991 553 3060 quis
562 2988 739 3061 pullatorum,
756 3004 805 3042 etc.
820 2993 861 3042 De

361 3067 470 3140 pullatis
486 3063 586 3120 dictum
603 3069 636 3121 ad
653 3089 677 3122 o.
694 3071 736 3138 4ο.
750 3071 862 3140 hugis-

362 3148 428 3198 sime
439 3147 549 3198 removit
560 3147 694 3199 sordidum
705 3147 823 3220 plebem,
834 3160 859 3200 et

361 3228 390 3277 in
402 3243 502 3278 summo
514 3244 591 3278 cauea
603 3225 642 3280 vel
653 3229 858 3281 contemtissiuro

361 3305 422 3358 loco
430 3319 549 3377 spectare
553 3309 645 3377 jussit,
655 3308 726 3361 unde
733 3307 857 3379 Calpurn.

360 3384 415 3438 Ecl.
425 3385 488 3448 Vll,
503 3386 535 3437 26
545 3406 551 3435 ι

359 3487 459 3530 Venimus
465 3485 491 3528 ed
498 3485 566 3536 sedes.
574 3487 608 3528 ulti
615 3487 670 3544 pulle
678 3487 758 3532 sordide
765 3497 819 3531 reste

358 3548 414 3590 luter
421 3548 519 3588 femineus
525 3546 628 3604 speeteber
635 3548 694 3591 turbe
700 3547 811 3592 urhedm.

393 3657 417 3708 7.
437 3639 550 3692 Feminis
570 3659 603 3692 ne
618 3640 775 3714 qlndintom
794 3644 855 3716 qui·

910 2641 1000 2676 omnes
1011 2622 1044 2675 ad
1054 2621 1182 2673 muliebre
1191 2640 1269 2674 secus
1278 2623 1397 2692 pertinen·

908 2715 964 2769 tes,
989 2720 1039 2753 usn
1064 2703 1206 2753 accusativi
1229 2699 1330 2753 Graeco.
1348 2702 1396 2752 lir.

908 2782 1013 2846 XLVll,
1034 2781 1081 2846 26,
1103 2781 1272 2832 «liberorum
1291 2783 1394 2852 capitum

909 2860 982 2911 uirile
989 2877 1058 2912 secus
1066 2859 1197 2912 addenem
1204 2859 1286 2912 millie
1294 2873 1391 2930 capm-

908 2940 952 2991 ubi
964 2941 998 2991 ol.
1013 2943 1134 3012 interpr.;
1149 2943 1236 2993 Tacit.
1251 2941 1341 2994 Annel.
1356 2941 1393 3006 lv,

906 3019 955 3085 62,
972 3019 1066 3070 «uirile
1079 3039 1110 3070 ae
1125 3019 1253 3070 muliebre
1266 3037 1333 3071 secus
1344 3037 1393 3068 οι-

904 3096 945 3147 nis
957 3109 1055 3160 etam·
1072 3099 1137 3147 llist.
1150 3098 1184 3164 V,
1199 3097 1247 3163 13,
1266 3120 1278 3143 ι
1289 3097 1392 3148 multitu·

904 3174 994 3227 dinem
1013 3175 1182 3229 obsessorum
1201 3180 1288 3229 omnis
1305 3177 1390 3240 etatis,

904 3252 977 3304 virile
987 3273 1025 3304 roc
1042 3253 1163 3306 muliebre
1179 3273 1262 3320 mres,
1282 3265 1390 3307 sexcenta

902 3331 984 3384 millia
1003 3335 1082 3386 suisne
1102 3335 1285 3405 accepimus·
1305 3335 1389 3385 Nostro

902 3408 963 3461 loco
979 3411 1023 3462 elii
1036 3410 1160 3463 muliebre
1178 3431 1252 3464 nexus
1268 3431 1351 3476 omne,
1362 3424 1389 3461 ut

901 3507 974 3542 sexus
992 3504 1117 3542 neutrum
1136 3493 1184 3557 sit,
1204 3506 1235 3543 nt
1251 3509 1342 3564 prorui,-
1356 3487 1387 3539 el.

902 3566 1052 3620 muliebrem
1064 3585 1150 3621 sexum
1163 3588 1282 3636 omnem,
1293 3583 1387 3639 quere·

899 3650 976 3700 rietes
985 3647 1091 3720 reliquis
1099 3651 1177 3700 etiam
1187 3649 1252 3702 locis
1260 3651 1385 3722 reperitur.

356 3720 428 3785 dem,
448 3734 497 3772 etr„
514 3720 613 3772 nedum
627 3721 705 3776 ludos
719 3724 853 3785 scenicum
898 3727 999 3779 Fenest.
1011 3727 1083 3780 dedit
1095 3728 1222 3781 muliebre
1233 3745 1383 3781 securorum.

357 3800 453 3871 quibus
472 3813 559 3853 temen
579 3815 604 3853 et
623 3803 687 3874 ipsis
704 3804 853 3854 interfuisse
898 3807 938 3857 Cf.
950 3805 1073 3859 Oudend.
1090 3805 1123 3858 ed
1139 3809 1258 3860 Frontin.
1277 3803 1384 3872 1,2,6‚

352 3881 407 3949 jam
418 3878 479 3930 olim
488 3879 599 3932 feminus
609 3894 728 3948 constet,
741 3881 852 3934 sednon
898 3897 923 3935 et
936 3882 969 3935 od
982 3885 1008 3935 lr.
1018 3885 1052 3950 l.‚
1065 3887 1109 3958 qni
1122 3901 1209 3938 temen
1222 3889 1248 3938 in
1261 3900 1320 3937 nota
1329 3902 1385 3954 pro·

354 3959 410 4010 sine
425 3975 513 4010 eorum
533 3961 676 4032 permissu,
695 3963 851 4032 inquorum
895 3963 967 4014 bavit
988 3981 1076 4018 omues
1096 3981 1187 4019 contre
1210 3969 1306 4018 Ernest.
1323 3966 1384 4015 etin

354 4050 484 4108 potestate
494 4054 576 4092 erent.
588 4039 672 4094 Valet.
682 4043 751 4092 Max.
762 4042 849 4110 Vlrd,
895 4057 966 4097 textu
977 4045 1082 4117 reliquit
1094 4064 1181 4098 omne.

357 4131 407 4168 tsi
433 4117 482 4167 ιΡ.
505 4117 672 4191 Sempronius
695 4119 800 4192 Sophus
803 4160 848 4173 .....
932 4141 970 4176 ιι.
991 4122 1287 4200 Poutrsseelilusludisr
1302 4139 1378 4196 quos,

352 4193 492 4264 conjugem
504 4195 605 4267 repudii
617 4213 680 4253 note
693 4200 798 4268 effecit,
810 4200 850 4253 ni·
892 4217 921 4256 ut
935 4203 1046 4274 videtur,
1064 4205 1146 4260 edidit
1162 4207 1314 4279 pontificatu
1328 4218 1379 4254 ιι·
1481 4269 1482 4278 ¹
