3036 5124
346 468 412 558 392
720 468 755 530 o.
779 465 1010 534 snnrourr
1044 545 1047 558 ¹

343 591 537 662 debeamus.
551 595 600 662 st·
610 591 698 660 hanc
710 591 891 664 fenestram
905 591 1118 686 aperueritis,
1133 587 1216 656 nihil
1229 585 1328 656 alind
1341 589 1392 680 agi

343 704 477 771 sinetis:
496 705 649 772 omnium
668 703 848 770 inimicitiae
867 698 949 770 hoc³
967 716 1134 795 praetextu
1154 696 1198 766 ad
1219 721 1285 766 nos
1308 697 1393 766 defe

343 830 499 882 rentur·
519 817 635 881 Exstat
654 829 688 880 et
706 837 816 880 sermo
834 809 906 906 ejus
924 814 959 880 in
978 813 1102 880 Senatu
1119 808 1312 903 percivilie:
1338 811 1391 878 usi

344 922 482 1018 quidem
497 922 629 992 locutus
644 922 740 991 aliter
758 924 874 1006 fuerit,
891 921 979 992 dabo
998 944 1153 1016 operam,
1169 937 1209 990 ut
1226 922 1390 988 rationem

342 1034 507 1103 factorum
529 1058 683 1104 meorum
705 1013 938 1128 dictorumque
960 1030 1121 1100 reddam:
1146 1033 1174 1098 si
1195 1051 1390 1123 persevera-

343 1147 444 1228 verit,
457 1146 599 1214 invicem
611 1167 689 1214 eum
702 1144 816 1212 odero.
830 1175 843 1204 ι

390 1259 509 1324 XXIX.
534 1262 642 1351 Atque
664 1255 737 1323 haec
759 1279 800 1324 eo
823 1252 987 1322 nobiliora
1009 1270 1120 1335 erant,
1143 1249 1238 1348 quod
1262 1255 1337 1344 ipse
1358 1253 1390 1317 in

343 1363 555 1459 appellandis
583 1363 850 1460 venerandisque
879 1381 913 1432 et
945 1363 1108 1456 singulis,
1136 1380 1172 1431 et
1202 1365 1390 1442 universis,

343 1500 451 1571 prope
478 1491 667 1546 excesserat
692 1477 908 1546 humanitatis
937 1473 1087 1544 modum.
1117 1477 1330 1544 Dissentiens
1356 1475 1390 1539 in

343 1588 480 1655 Curiae
502 1591 560 1674 Q.¹
585 1589 739 1670 Haterio,
764 1593 966 1679 «Ignoscas,
987 1589 1113 1681 inquit,
1134 1609 1234 1678 rogo,
1259 1587 1289 1652 si
1312 1582 1391 1680 quid

345 1695 507 1766 adversus
532 1713 566 1767 te
589 1697 747 1782 liberius,
772 1702 858 1766 sicut
881 1702 1036 1781 Senator,
1059 1696 1217 1766 dixero.-
1248 1701 1292 1764 Et
1315 1695 1391 1763 inde

345 1829 463 1876 omnes
481 1807 677 1904 alloquens:
701 1811 978 1891 «Diuersum,
997 1825 1032 1876 et
1049 1833 1140 1902 saepe
1159 1807 1260 1890 alias,
1282 1813 1318 1876 P.
1338 1811 1390 1887 C„

344 1914 474 1986 bonum
487 1934 521 1987 et
537 1917 719 1990 salutarem
737 1923 941 2013 Principem,
960 1943 1062 2016 quem
1079 1943 1140 1987 vos
1158 1935 1255 2000 tanta
1273 1935 1309 1984 et
1325 1935 1391 1985 tam

346 2024 451 2094 libera
471 2045 636 2121 potestate
653 2033 874 2114 instruxistis,
896 2033 1030 2098 Senatui
1051 2033 1176 2098 servire
1195 2027 1341 2110 debere,
1361 2044 1392 2094 et

346 2138 511 2206 universis
537 2137 665 2208 civibus
688 2163 796 2233 saepe,
820 2157 854 2208 et
877 2139 1079 2236 plerumque
1104 2141 1207 2207 etiam
1227 2137 1390 2231 singulis:

347 2269 458 2341 neque
471 2245 506 2314 id
520 2248 642 2319 dixisse
654 2275 709 2318 mc
720 2255 875 2345 poenitet,
893 2269 927 2320 et
940 2250 1047 2320 bonos
1061 2268 1094 2318 et
1106 2275 1224 2347 aequos
1238 2269 1275 2319 et
1285 2251 1391 2320 faven-
1485 2343 1486 2346 Ἴ

347 2371 398 2423 tes
411 2365 491 2426 vos²
506 2356 607 2427 habui
618 2359 791 2445 dominos,
806 2379 839 2432 ct
849 2360 960 2430 adhuc
974 2360 1093 2430 habeo.
1108 2393 1120 2422 ι

317 2527 321 2538 .
394 2471 498 2540 XXX.
521 2473 610 2558 Quin
622 2474 721 2541 etiam
733 2477 877 2568 speciem
890 2473 1051 2542 libertatis
1064 2471 1234 2570 quandam
1247 2472 1389 2554 induxit,

350 2585 553 2652 conservatis
565 2587 699 2654 Senatui
710 2611 749 2654 ac
763 2585 1011 2680 magistratibus
1023 2601 1057 2654 et
1068 2582 1244 2677 majestate
1257 2589 1393 2678 pristina

350 2706 384 2757 et
400 2707 581 2784 potestate:
595 2719 705 2791 neque
713 2705 723 2734 '¹
743 2712 811 2763 tam
827 2721 968 2790 parvum
985 2699 1183 2794 quicquam,
1202 2719 1319 2791 neque
1330 2714 1393 2763 tam
1485 2773 1486 2786 χ

388 2913 410 2946 n.
426 2896 456 2948 Si
465 2896 534 2952 Ιιαηο
537 2900 679 2972 fenestram
689 2904 847 2975 apenserits‘s.
930 2922 953 2955 s.
973 2903 1024 2955 Vos
1037 2902 1255 2956 fabuidomiooa.
1270 2903 1302 2952 ln
1315 2913 1394 2966 eo,et
1485 2925 1486 2928 ¹

351 2975 391 3026 lta
408 2974 512 3030 Terent.
531 2980 673 3033 Heautont.
691 2983 740 3046 111,
759 2998 782 3045 r,
799 2997 848 3050 72,
894 2980 968 3053 quod
981 2982 1091 3034 Serutni
1105 2980 1199 3034 seruire
1211 2998 1239 3032 se
1254 2975 1395 3032 debendi-
1485 3001 1486 3006 ¹

352 3074 364 3098 a
375 3068 500 3125 quantam
510 3057 653 3111 fenestram
664 3058 696 3110 ad
707 3061 849 3130 nequitiem
893 3063 943 3127 xit,
961 3062 1070 3113 excessit
1087 3060 1208 3112 Tiberius
1226 3057 1395 3110 humanitatis
1485 3129 1486 3136 ἵ

351 3132 540 3201 patefeceris.»
555 3135 655 3189 Eadem
667 3155 776 3209 prorsus
795 3139 851 3190 for·
894 3137 1012 3190 moduni.

351 3208 850 3291 muladicimnsnoa,nourr-irlaporte
929 3213 1396 3291 xxxarreqommpamonqnte
1485 3227 1486 3276 ]

353 3289 649 3346 tertonensibus.-
893 3315 973 3369 qnnm
978 3335 1023 3352 .....
1034 3294 1394 3370 deqaoaoa....r·eferretur·
1484 3339 1486 3364 ,

388 3371 414 3422 3.
427 3369 482 3423 Hoc
491 3381 624 3444 proetextrs.
633 3371 700 3426 Vide
712 3373 777 3427 Cres.
790 3393 848 3447 cap.
894 3375 1109 3444 cf.l)io,1.v11,
1122 3393 1147 3446 7.
1159 3373 1242 3441 Quod
1255 3373 1291 3425 ad
1305 3372 1396 3424 dictio·

352 3450 397 3504 30.
410 3451 504 3503 Postea
514 3449 635 3524 plerique
645 3453 681 3505 ad
691 3472 748 3521 vos,
763 3467 789 3508 et
801 3474 849 3526 pro
894 3473 954 3508 nem
966 3457 1075 3520 attinet,
1093 3455 1196 3506 confert
1213 3455 1330 3506 lieitains
1342 3451 1394 3504 Cic.

352 3531 431 3585 aliter
439 3529 473 3584 al.
485 3527 552 3584 alter
560 3533 661 3586 vitiose.
672 3531 700 3585 st
711 3533 816 3587 locutus
827 3534 850 3587 is
894 3532 927 3585 ad
937 3533 1036 3600 mar,
1048 3551 1092 3599 rr,
1104 3545 1152 3584 not
1162 3529 1264 3584 nullam
1273 3549 1394 3598 resume·

352 3611 429 3665 aliter
452 3609 532 3662 fuerit
553 3608 707 3680 (hominem
729 3611 850 3666 Tiberius
894 3631 947 3684 que
956 3625 1009 3666 tam
1021 3631 1158 3684 magnam,
1173 3629 1262 3682 neque
1272 3626 1395 3683 tempse-

352 3709 408 3743 non
424 3689 573 3762 nominat),
591 3694 612 3743 si
627 3688 713 3758 dieta,
732 3694 850 3745 convicia
893 3709 954 3744 vam
965 3705 1055 3762 putet,
1067 3709 1125 3762 quar
1135 3687 1199 3741 mibi
1209 3702 1255 3741 aut
1267 3687 1396 3754 difficilis,

352 3771 381 3822 in
396 3788 438 3821 me
452 3786 500 3821 sna
513 3771 688 3838 revocaverit,
702 3770 773 3823 dabo
787 3790 851 3843 ope·
895 3783 942 3823 ant
963 3789 1057 3842 parurn
1078 3789 1119 3822 me
1140 3769 1219 3841 digna
1243 3768 1393 3821 rideatur.-

353 3868 424 3912 rum,
438 3863 488 3902 stc.
896 3849 1018 3902 Ceterum
1038 3849 1176 3921 referretur
1191 3858 1264 3898 recte
1284 3845 1395 3917 explieat

389 3928 483 3981 XXlX.
506 3945 528 3980 ι.
545 3931 575 4000 Q.
592 3930 707 3983 Haterio.
724 3929 801 3982 Conf.
817 3928 851 3982 ad
895 3923 1395 4000 Oudend.·perqnosvisrelationisjns

353 4025 412 4076 cap.
430 4021 471 4076 η.
488 4007 528 4058 De
541 4007 598 4076 ejus
608 4020 692 4058 morte
704 4019 784 4077 atque
796 4005 852 4058 lan·
895 4005 1039 4074 babentes,
1052 4005 1164 4059 civiliter
1173 4005 1294 4076 patiente
1302 4017 1329 4055 et
1338 4021 1394 4076 per*

353 4081 431 4134 dibus
450 4082 509 4137 vide
526 4083 609 4138 Tacit.
627 4085 720 4138 Annal.
736 4086 786 4152 IV,
802 4086 850 4152 61,
896 4089 1016 4140 mittente
1031 4105 1100 4154 ιαμ
1121 4099 1214 4138 contra
1232 4085 1338 4137 Ernest.
1355 4096 1392 4136 te-

353 4174 379 4212 et
393 4161 428 4212 ibi
443 4163 568 4234 lipsium.
896 4185 966 4221 inere
980 4169 1163 4238 conjicientem
1178 4164 1292 4236 referret.
