2982 5116
368 518 529 586 OCTAV.
555 524 816 595 AUGUSTUS.
1044 540 1109 610 255

53 615 56 620 ¹
86 636 166 732 apud
174 664 207 708 se
217 666 277 734 per
289 643 462 736 epistolam
474 655 708 742 conquerenti,
725 656 771 720 ita
784 661 973 751 rescripsit:
991 669 1111 735 «AEtati

84 765 159 830 tua,
176 755 221 819 mi
235 754 361 837 Tiberi,
381 757 450 825 noli
464 762 497 826 in
518 760 581 830 hac
597 786 633 829 re
650 763 839 857 indulgere,
855 787 888 838 et
905 776 1045 844 nimium
1063 781 1109 846 in·

84 857 217 948 dignari,
233 888 435 960 quemquam
447 891 536 949 esse,
551 875 608 965 qui
625 870 731 942 deme
743 877 830 944 male
848 879 1013 976 loquatur.
1028 889 1110 958 Setis
1143 947 1148 956 .

83 983 128 1033 est
148 973 247 1052 enim,
272 976 299 1039 si
324 973 388 1042 hoc
405 975 584 1062 habemus,
608 1006 650 1048 ne
672 988 746 1078 quis
771 987 867 1058 nobis
891 993 977 1060 male
1001 997 1110 1066 facere

81 1095 186 1167 POSSll.
200 1111 212 1140 u

122 1193 188 1256 LII.
215 1192 391 1285 Templa¹,
414 1201 564 1290 quamvis
589 1205 700 1286 sciret,
726 1209 824 1274 etiam
852 1213 1110 1285 proconsulibus

81 1291 205 1364 decerni
221 1299 346 1384 solere,
361 1305 396 1370 in
416 1304 510 1372 nulla
524 1324 635 1376 tamen
651 1317 842 1403 provincia,
859 1322 923 1386 nisi
942 1329 1111 1394 communi

81 1428 135 1473 suo
146 1414 324 1506 Romaeque
338 1419 488 1513 nomine,
498 1424 632 1511 recepit.
648 1429 731 1490 Nem
743 1427 777 1490 in
789 1427 879 1494 Urbe
892 1430 1027 1522 quidem
1038 1459 1111 1526 per·

22 1516 28 1532 ¹
81 1516 271 1588 tinacissime
286 1523 444 1592 abstinuit
458 1527 523 1595 hoc
541 1529 678 1600 honore.
702 1541 809 1630 Atque
824 1541 922 1606 etiam
936 1563 1109 1633 argenteas

80 1641 230 1714 statuam,
248 1633 328 1700 olim
344 1637 404 1704 sibi
418 1642 557 1729 positas,
574 1643 730 1711 conflavit
745 1671 877 1730 omnes,
893 1675 933 1716 ex
946 1651 1040 1745 quis³
1053 1679 1109 1722 au·

80 1757 145 1805 reas
174 1747 317 1811 cortinas
346 1746 488 1838 Apollini
519 1752 667 1820 Palatino
698 1754 873 1823 dedicavit.
906 1765 1110 1832 Dictaturam

79 1868 190 1938 magna
207 1856 240 1918 vi
259 1855 419 1922 offer-eme
437 1858 581 1949 populo,
604 1885 693 1949 genu
710 1867 825 1947 nixus,
846 1863 973 1960 dejecte
991 1871 1033 1938 ab
1051 1873 1110 1940 hu·

79 1962 168 2026 metis
183 1978 276 2054 toga,
290 1963 382 2033 nudo
397 1985 531 2060 pectore
546 1967 742 2061 deprecatus
756 1975 835 2043 esti.

79 2207 176 2280 lentim,
193 2217 233 2268 vel
253 2219 333 2270 mixta
352 2220 445 2272 vitiosa
462 2233 489 2272 et
506 2241 566 2274 vera
611 2237 710 2292 autem,
723 2247 871 2300 exqttamm
882 2233 1043 2286 venditarum
1051 2257 1109 2310 pre·

77 2287 195 2363 lectione,-
204 2299 295 2350 sedulo
308 2301 453 2356 violentius.
612 2305 655 2355 tt'o.
665 2307 784 2358 Monuni.
793 2309 888 2380 Ancyr.
898 2310 994 2363 diserte
1006 2334 1011 2362 :
1024 2335 1034 2358 a
1044 2318 1109 2368 Meae
1139 2365 1140 2368 Ἴ

108 2373 155 2424 LII.
171 2391 193 2426 1.
207 2377 391 2448 Templu,etc.
402 2382 566 2448 cf.1)i0,Lt,
611 2393 701 2434 statua
724 2385 858 2454 pedestres
882 2400 907 2437 et
929 2405 1061 2459 equestres
1083 2404 1109 2444 et

79 2463 166 2516 ²⁰„ex
177 2457 252 2524 cujus
266 2457 352 2508 verbis
365 2478 423 2511 curn
436 2459 495 2511 Ioco
509 2479 567 2512 nos·
611 2462 638 2510 iu
659 2463 808 2532 quadrigeis
831 2479 959 2534 argenteae
980 2480 1109 2522 steterunt

78 2539 113 2578 lto
133 2539 290 2603 comparatis
309 2552 399 2609 patet,
421 2541 518 2612 templa
539 2543 567 2592 itt
610 2538 637 2589 in
651 2540 721 2592 Urbe
736 2542 829 2594 LXXX
844 2545 957 2606 circiter,
973 2563 1039 2616 quas
1051 2550 1108 2620 ipse

77 2621 207 2678 provinciis
225 2619 348 2688 Augusto
367 2620 472 2673 condita
493 2640 567 2672 com-
610 2619 718 2682 sttstuli,
729 2639 809 2691 exque
820 2641 850 2670 ea
859 2623 970 2691 pecunia
980 2623 1051 2674 dona
1063 2643 1108 2676 au·

77 2692 156 2742 munia
172 2697 194 2745 ei
209 2698 292 2748 fuisse
305 2716 365 2749 eum
380 2699 451 2751 Urbe
467 2702 565 2767 Roma,
611 2715 655 2748 rea
671 2700 697 2748 in
714 2699 767 2749 rede
782 2700 912 2770 Apollinis
929 2721 987 2752 meo
1001 2705 1108 2757 nomine

77 2767 321 2834 cujussimulacrum
331 2776 408 2828 simul
420 2779 457 2830 ibi
468 2782 566 2832 consti-
611 2790 637 2827 et
658 2777 780 2843 illorum,
803 2780 850 2848 qui
874 2779 938 2830 mihi
962 2795 1108 2835 statuarum

77 2847 202 2917 tuebatur,
213 2855 567 2929 appellatatamenplernm-
610 2855 735 2909 honorem
753 2858 917 2925 habuerant,
940 2863 1049 2930 posui.»
1072 2892 1109 2904 --

77 2941 123 2994 que
134 2929 165 2981 ab
178 2935 251 3003 ipso,
272 2937 317 3006 qui
333 2937 422 3007 potior
437 2937 482 2988 illo
501 2949 566 2990 tern-
612 2936 743 2998 Cortincu5
761 2937 885 3008 tripodes.
912 2940 977 2991 Vide
993 2942 1106 2995 Casaab.

75 3020 133 3072 pore
157 3027 211 3061 erat
236 3013 399 3083 Republica,
427 3017 565 3084 Augusto;
610 3012 836 3068 adhunelocutn.

76 3081 120 3134 alia
133 3105 208 3154 vero,
227 3111 286 3161 quae
301 3095 389 3144 Romae
405 3107 431 3145 et
448 3095 475 3144 in
490 3093 566 3146 Italia
645 3094 670 3159 4.
687 3096 862 3163 Dictaturam,
873 3110 923 3148 etc.
936 3099 1001 3151 Vell.
1013 3101 1048 3165 tt,
1060 3102 1106 3172 89:

75 3156 148 3214 fuisse
165 3164 289 3237 legimus,
308 3183 370 3241 post
388 3185 498 3223 mortem
519 3171 566 3225 de·
613 3173 810 3238 «Dictaturam,
821 3193 898 3245 quam
908 3178 1108 3245 pertinaciterei

75 3254 138 3292 muto
151 3260 281 3300 exstructa
294 3269 359 3302 esse.
371 3250 436 3302 Vide
448 3252 518 3320 Lips.
531 3251 565 3302 ad
609 3252 743 3304 deferebat
754 3254 883 3324 populus,
893 3268 945 3306 tatu
954 3271 1109 3312 constanter

74 3316 150 3371 Tacit.
170 3327 263 3378 t'lunal.
281 3330 329 3393 IV,
350 3329 399 3399 373
418 3329 518 3380 Fabric.
541 3343 565 3382 et
610 3332 735 3402 repulia·
757 3335 851 3385 Parum
872 3336 951 3404 igitur
969 3353 1106 3402 accurate,

74 3395 180 3452 finimur.
194 3405 226 3456 ad
242 3409 321 3458 Dion.
335 3407 352 3457 I.
366 3426 388 3458 c.
400 3439 436 3448 -
452 3411 487 3459 De
501 3409 565 3458 Pro·
609 3414 659 3462 nisi
673 3413 784 3475 erravit,
805 3413 915 3475 Florus,
932 3416 981 3482 tv,
997 3433 1043 3481 12,
1055 3416 1104 3468 66:

73 3477 198 3531 corculum
209 3486 314 3556 templis
326 3487 396 3536 conf.
408 3488 564 3557 interpretes
609 3489 667 3543 «ob
675 3489 729 3541 bac
737 3493 852 3543 totlacta
861 3494 976 3562 ingentia
987 3495 1107 3546 Dictator

73 3552 104 3606 ad
115 3557 166 3610 Cic.
178 3561 210 3612 ad
220 3565 312 3630 Quint.
323 3566 349 3628 I,
366 3580 373 3614 t
385 3603 390 3615 .
404 3563 472 3615 etad
484 3566 563 3615 Attic.
608 3581 752 3641 perpetuus
764 3585 790 3622 et
800 3573 876 3622 Pater
888 3575 975 3642 patriae
985 3572 1079 3625 dictus.
1091 3597 1102 3621 ι

74 3635 107 3700 V,
119 3654 159 3688 ²¹·
609 3650 675 3701 Illud
694 3653 762 3702 enim
782 3669 876 3703 nomen
895 3656 1036 3721 recusavit,
1052 3653 1105 3707 boc

105 3735 129 3769 ²·
148 3719 287 3796 Arpenteas
296 3733 429 3790 statuas..q..
442 3725 565 3800 conflavit
608 3733 730 3801 suscepit.
742 3731 808 3783 Vide
817 3731 882 3783 ado.
892 3732 938 3795 58,
950 3746 974 3783 et
983 3735 1017 3784 cf.
1026 3735 1104 3785 Dion.

73 3811 171 3861 omnen
194 3803 344 3854 Maecenatis
364 3803 503 3855 consilium
524 3823 565 3858 se-
608 3809 674 3872 LIV,
690 3825 711 3860 t.
723 3811 885 3860 Dictaturam
897 3824 984 3861 autem
997 3830 1105 3880 prorsus

74 3893 172 3945 quutus.
183 3884 316 3954 Videquae
326 3886 418 3937 Dionis
430 3884 490 3938 loca
502 3889 565 3938 citat
608 3886 708 3938 aboleri
723 3889 837 3957 jusserat
855 3889 984 3939 Antonius
1005 3889 1105 3940 Consul
1162 3891 1165 3898 “

73 3953 213 4029 baumgart.
239 3975 265 4014 et
287 3963 415 4016 Ilarduin.
440 3965 474 4016 ad
498 3965 562 4017 Plin.
608 3984 670 4016 ann.
688 3982 753 4034 710,
771 3964 845 4034 Iege,
865 3967 939 4034 cujus
956 3967 1035 4018 verba
1057 3967 1103 4020 dat

73 4035 133 4090 Hist.
148 4043 209 4092 Nat.
224 4044 348 4108 XXXIII,
366 4061 396 4095 ta
408 4043 480 4116 (54).
528 4069 529 4072 ¹
606 4047 720 4116 Appian.
740 4043 802 4096 Bell.
822 4045 876 4098 Cis.
895 4045 946 4113 III,
965 4047 1005 4098 25.
1025 4047 1107 4121 Conf,

104 4113 127 4166 3.
148 4119 191 4170 Ex
211 4119 277 4192 quis.
298 4124 337 4174 lta
357 4121 481 4176 Oudend.
502 4141 563 4176 cum
606 4125 658 4176 Cic.
675 4121 786 4195 Philipp.
801 4125 827 4188 1,
844 4140 871 4190 r,
885 4136 912 4176 et
923 4125 960 4191 II,
974 4125 1023 4190 ³6;
1037 4127 1103 4193 Dio,

72 4197 169 4264 optimis
179 4199 260 4254 libris.
272 4199 372 4272 Vulgo,
382 4220 461 4273 exque
470 4203 508 4257 iis.
519 4205 563 4254 Est
606 4202 699 4268 XLIV,
715 4201 758 4254 ⁵1.
