2982 5116
362 568 522 633 oomv.
548 567 809 634 nuousrus.
1012 593 1104 657 .2.7

76 719 161 764 ntum
170 697 328 790 suscepit,
338 693 498 792 quioquid
507 691 718 764 fatidicorum
730 691 892 762 librorum
904 697 1010 762 Graeci
1020 698 1110 761 Lati-

76 808 170 900 nique
179 807 325 898 generis,
336 803 441 872 nullis
450 803 504 872 vel
515 828 635 896 parum
648 803 776 871 idoneis
787 802 996 883 auctoribus,
1007 803 1109 897 vulgo

75 914 251 998 ferebatur,
268 938 370 1007 supra
387 913 454 982 duo
470 913 573 982 millia
589 929 759 982 contracta
769 913 920 1008 undique
932 918 1107 983 cremavit:

75 1050 110 1093 ac
123 1026 208 1094 solos
219 1030 372 1095 retinuit²
390 1027 584 1121 Sibyllinos,
596 1025 659 1094 hos
674 1023 830 1121 quoque³
842 1024 967 1095 dilectu
977 1026 1108 1112 hebit03

75 1135 282 1232 condiditque
295 1137 428 1208 duobus
442 1137 559 1206 forulis
574 1141 700 1206 auratis
716 1136 779 1206 suh
794 1138 934 1206 Palatini
949 1139 1111 1231 Apollinis

74 1247 150 1316 basi.
165 1249 322 1318 Annum4
332 1277 352 1318 a
363 1257 404 1320 D.
415 1252 504 1319 Julio
516 1251 725 1332 ordinatum,
738 1247 798 1318 sed
810 1271 928 1344 postea
940 1250 1112 1342 negligen-

76 1359 134 1424 tia⁵
150 1361 388 1428 conturbatum
405 1377 506 1455 atque
523 1362 719 1441 confusum,
741 1385 860 1428 rtusus
880 1358 923 1428 ad
937 1363 1113 1452 pristinam

75 1471 231 1540 rationem
243 1470 387 1562 redegit:
402 1475 436 1538 in
447 1468 543 1563 cujus
556 1469 764 1540 ordinatione
774 1468 949 1540 Sextilem⁶
961 1495 1113 1540 mensem

77 1720 285 1790 ...permultos
300 1739 384 1782 annos
399 1724 472 1791 tulit,
488 1743 568 1776 orno-
650 1723 674 1774 5.
693 1724 860 1799 Nepliqentia
876 1722 1056 1774 contradictum
1070 1733 1113 1772 at-

75 1802 569 1874 meotaprincipisretineutem,etpon·
614 1821 663 1875 que
673 1803 817 1874 confusum.
831 1801 949 1856 Moerob.
965 1801 1068 1852 Satorn.
1086 1800 1114 1864 l,

75 1875 193 1948 tificotum
208 1881 370 1950 maximum,
385 1882 490 1936 nonnisi
501 1901 570 1936 moa
617 1883 660 1948 14:
676 1884 736 1936 sSic
746 1901 844 1934 annum
854 1880 954 1934 uirilem
965 1879 1058 1944 Ceesar,
1068 1878 1116 1932 ha·

62 1977 63 1980 ¹
76 1968 116 2009 tuo
128 1955 186 2024 illo,
199 1960 336 2031 transferri
347 1961 374 2012 in
386 1979 411 2013 se
419 1979 508 2034 passus
517 1971 568 2012 est:
614 1961 676 2014 bitis
685 1963 816 2017 adlunam
822 1961 1046 2025 dimensionibus,
1054 1977 1116 2011 eou-

76 2035 238 2090 maluitenim
247 2038 322 2091 illum
331 2040 571 2106 honoremrocari,
615 2043 734 2094 stitutum
749 2045 835 2096 edicto
850 2043 937 2113 palam
957 2042 1044 2113 posito
1063 2057 1115 2110 pu-

77 2135 147 2186 quam
175 2119 325 2190 spolium·
355 2121 433 2174 Conf.
462 2125 573 2174 omniuo·
615 2118 731 2174 blicarit.
746 2123 780 2174 Et
798 2142 870 2174 error
889 2121 1026 2190 hucusque
1047 2131 1116 2171 stare

76 2197 216 2268 baumgart.
615 2202 760 2270 potuisset,
775 2203 801 2252 ni
815 2200 965 2254 sacerdotes
980 2199 1029 2252 sibi
1043 2217 1117 2250 erro·
1138 2221 1143 2232 ·

109 2293 130 2328 a.
148 2278 186 2330 Ac
205 2277 274 2332 solos
293 2282 400 2333 retinnit
417 2282 570 2356 Sibyllinos.
616 2298 671 2332 rem
689 2299 786 2332 notum
809 2301 840 2332 ex
857 2283 915 2352 ipsa
935 2277 1118 2332 emendatione

76 2352 111 2404 Cf.
123 2357 267 2422 Dio,LlV‚
283 2377 321 2429 17.
335 2363 374 2412 De
386 2359 489 2433 sibyllis
502 2374 528 2412 et
539 2360 571 2412 li·
617 2361 747 2412 fecissent.
777 2364 845 2414 llum
874 2379 955 2430 quum
983 2370 1118 2428 oporteret

75 2431 123 2486 bris
134 2435 266 2509 Sibyllinis
273 2437 334 2490 ride
345 2440 452 2511 interpr.
460 2439 494 2491 od
503 2439 571 2492 Gell.
616 2437 701 2504 diem,
717 2443 763 2510 qui
774 2459 804 2492 ex
818 2438 1009 2511 quadrantibus
1022 2437 1119 2503 conlit,

75 2511 99 2576 l,
115 2531 153 2582 ¹9·
617 2533 710 2590 quarto
723 2539 830 2592 quoque
840 2539 909 2571 anuo
923 2519 1059 2581 conlecto,
1072 2535 1118 2568 an·

107 2592 129 2644 3.
153 2594 208 2648 Hos
230 2612 336 2668 qnoque
354 2596 451 2650 dilectu
474 2596 571 2648 habito.
615 2612 721 2669 tequam
735 2603 842 2672 quintus
851 2601 1120 2669 inciperet,interoa·

75 2669 151 2722 Tacit.
165 2674 235 2726 Ann.
248 2679 300 2740 Vl,
319 2692 365 2728 12:
384 2675 486 2730 uSimul
500 2695 573 2728 corn·
617 2675 684 2739 lare3
699 2675 737 2728 illi
752 2693 847 2750 quarto
861 2697 916 2730 non
934 2690 1056 2748 peracto,
1071 2675 1118 2728 sed

76 2756 212 2808 moneleeit
224 2755 395 2828 (Tiberius):
411 2759 472 2830 quia
488 2758 573 2810 multa
617 2757 1038 2828 incipiente,intercalabant.llic
1046 2775 1119 2808 error

76 2849 138 2884 uuna
149 2837 194 2888 sub
205 2838 314 2890 nomine
324 2837 418 2890 celebri
429 2837 574 2910 culpaban-
618 2857 663 2892 sex
684 2850 710 2888 et
732 2841 837 2909 triginta
861 2840 936 2890 annis
957 2836 1119 2909 permansit;

76 2911 241 2978 transduxisse
249 2917 409 2990 Aupustum,
419 2919 574 2990 quemintra
619 2915 715 2987 quibus
733 2919 808 2968 nonis
823 2916 971 2970 intercalati
988 2927 1049 2968 sunt
1063 2911 1121 2964 dies

76 2989 138 3044 diem
150 2995 184 3046 ad
195 2997 339 3049 Prcetorem
351 2998 478 3049 urbanum
490 2995 574 3068 defen·
619 2996 775 3064 duodecim,
787 3017 870 3069 quum
884 2995 1023 3055 debuerint
1038 2997 1120 3046 inter-

76 3085 166 3139 rentur,
179 3096 265 3150 neque
276 3077 369 3130 labere
377 3078 501 3155 privatim
515 3077 574 3130 lice-
619 3075 699 3130 calari
708 3095 811 3128 novem.
823 3077 874 3130 Sed
884 3076 955 3130 hunc
966 3093 1073 3147 quoque
1083 3093 1121 3124 er·

77 3163 116 3204 ret.
128 3154 207 3223 Quod
222 3174 236 3208 a
252 3157 402 3228 majoribus·
414 3176 520 3230 quoque
531 3157 575 3209 de·
618 3173 711 3223 rorem·
723 3174 781 3208 sero
799 3155 991 3226 deprehensum
1009 3155 1122 3206 correxit

76 3247 170 3284 cretum
184 3249 255 3300 erat,
269 3250 334 3306 post
350 3251 469 3290 exustum
483 3233 576 3292 sociali
620 3233 767 3303 Augustus,
781 3235 827 3303 qui
837 3250 921 3290 annos
934 3232 1076 3286 duodecim
1088 3233 1122 3282 si-

75 3306 141 3362 bello
155 3313 462 3386 Capitolium,·quaesitis
481 3315 575 3382 Samo,
620 3331 653 3384 ne
670 3312 821 3364 intercalari
840 3311 882 3364 die
902 3315 1011 3384 transigi
1027 3313 1122 3382 jussit;

76 3385 134 3454 llio,
146 3392 286 3463 Erythris,
302 3412 351 3463 per
365 3395 481 3446 Africam
498 3394 575 3446 etiam
621 3407 650 3460 ut
662 3392 698 3449 illi
713 3406 765 3445 tres
779 3393 847 3460 dies,
861 3395 907 3465 qui
919 3412 967 3465 per
979 3410 1063 3444 annos
1075 3393 1123 3443 tri-

77 3485 106 3520 ac
125 3471 239 3526 Siciliam
264 3487 292 3525 et
315 3470 417 3526 italicas
442 3472 577 3538 colonias,
620 3477 693 3544 pinta
703 3487 730 3526 et
740 3493 785 3528 sex
796 3477 860 3528 vitio
870 3473 1040 3528 sacerdotalis
1050 3474 1122 3524 festi-

76 3551 232 3604 carminibus
247 3551 369 3623 sibyllae,
384 3572 436 3607 una
452 3572 498 3606 seu
514 3552 576 3624 plu·
622 3555 736 3607 nationis
756 3568 938 3619 excreverant,
952 3550 1123 3624 sequentibus

76 3645 115 3680 res
134 3631 227 3697 luere,
250 3630 371 3703 datoque
388 3630 577 3684 Sacerdotibus
623 3634 697 3684 annis
708 3632 863 3700 duodecim,
874 3632 947 3686 nullo
960 3632 1002 3683 die
1012 3634 1123 3682 interca-

76 3711 191 3777 negotio,
203 3723 335 3782 quantum
345 3711 459 3764 humana
471 3730 522 3781 ope
531 3730 578 3781 po·
621 3713 690 3778 lato,
699 3713 1123 3778 devorarentur.Posthoc,unttm

75 3788 194 3853 tuissent,
202 3809 265 3842 vera
273 3788 451 3842 discernere.»
462 3788 577 3842 Similem
622 3791 691 3846 diem
706 3794 852 3846 seeundum
864 3794 1057 3846 ordinationem
1069 3793 1125 3844 cae-

77 3859 196 3918 dilectum
205 3869 391 3920 instituitann.
404 3885 453 3936 772
465 3868 522 3938 ipse
532 3867 577 3919 Ti·
622 3873 702 3930 saris,
713 3873 804 3942 quinto
813 3890 920 3942 quoque
928 3871 1069 3941 incipiente
1080 3888 1125 3920 an-

76 3939 176 4012 berius,
186 3962 299 4000 auctore
309 3949 387 3999 Dion.
397 3947 479 4014 LVll,
494 3949 533 3999 18.
543 3975 579 3985 -
623 3968 676 4014 no,
694 3948 843 4002 intercalari
860 3951 953 4018 jussit;
975 3961 1001 4000 et
1019 3967 1124 4000 ornnem

76 4021 126 4074 Sub
136 4025 257 4078 Palatini
267 4024 399 4100 Apollinis
407 4026 460 4078 basi
464 4047 473 4087 ,·
484 4024 532 4078 sub
542 4026 579 4096 ip·
624 4026 695 4080 bunc
709 4027 825 4080 ordinem
838 4046 912 4080 aerete
923 4026 1035 4093 tabule,
1049 4025 1079 4080 ad
1092 4045 1124 4076 te·

77 4099 127 4154 sius
137 4103 270 4175 Apollinis
282 4117 370 4156 statua
380 4103 414 4156 50
425 4103 506 4174 pedes
516 4103 577 4156 alto.
624 4119 726 4158 ternam
738 4107 900 4173 custodiam,
912 4107 1040 4158 incisione
1052 4125 1126 4158 man·

110 4179 134 4243 d·
150 4183 327 4235 AnnumaD.
335 4182 409 4234 Julio
418 4183 577 4236 ordinatum.
624 4181 726 4238 davit.»

79 4257 142 4310 Vide
154 4261 216 4315 nos.
232 4263 277 4330 4ο.
658 4264 683 4314 6.
703 4263 865 4314 Sextilem...
876 4304 881 4314 .
894 4283 907 4314 e
918 4283 962 4316 nto
975 4263 1127 4336 cogitamine
