3026 5122
345 609 411 654 ,ω
723 566 760 648 c'.
786 584 1021 651 sunrorur

344 719 504 800 stimans,
519 737 623 810 pram
639 729 696 782 aut
713 715 797 782 ratid
813 712 985 797 militaris,
1002 729 1062 780 aut
1077 728 1269 806 temporum
1282 718 1397 808 quies,

343 843 403 895 aut
423 851 485 895 sua
505 825 694 920 domusque
719 848 790 892 suae
816 821 974 917 majestas
1000 822 1197 916 postularet.
1227 823 1399 892 Libertino

343 938 486 1022 milite¹,
502 955 728 1032 praeterquam
743 941 858 1030 Romae
873 935 1108 1006 incendiorum
1122 959 1243 1018 causa,
1262 953 1296 1004 et
1308 935 1337 1004 si
1349 953 1400 1004 tu-

344 1049 472 1118 multus
491 1051 527 1116 in
544 1051 696 1140 graviore
709 1072 844 1117 annona
857 1063 1078 1129 metueretur,
1092 1045 1143 1114 bis
1159 1069 1242 1116 usus
1261 1064 1331 1116 est:
1347 1071 1400 1116 se·

344 1157 1107 1254 mel³adpraesidiumcoloniarum,lllyricum
1115 1160 1397 1250 contingentium,
1477 1211 1479 1214 .

344 1267 487 1338 iterum⁴
498 1268 542 1336 ad
559 1270 700 1339 tutelam
718 1273 800 1364 ripae
816 1267 925 1336 Rheni
941 1267 1107 1336 fluminis:
1124 1267 1269 1362 eosque⁵
1286 1291 1399 1338 servos

344 1377 456 1448 adhuc
472 1381 552 1447 viris
570 1380 772 1475 feminisque
788 1377 1077 1473 pecuniosioribus
1095 1376 1257 1459 indictos,
1272 1401 1313 1444 ac
1328 1379 1400 1444 sine

345 1513 441 1558 mora
454 1490 699 1571 manumissos,
714 1487 778 1556 sub
794 1491 905 1580 priore
921 1485 1044 1555 vexillo
1059 1485 1193 1570 hebuit,
1211 1509 1322 1580 neque
1342 1502 1401 1552 aut

345 1602 544 1668 commixtos
569 1623 648 1667 cum
672 1601 849 1692 ingenuis,
877 1615 937 1664 aut
966 1595 1085 1664 eodem
1114 1595 1217 1666 modo
1241 1612 1399 1664 armatos.

346 1829 430 1880 Graes.
447 1841 473 1880 et
486 1829 559 1880 Cort.
572 1827 606 1881 ed
618 1829 672 1881 Cic.
687 1829 720 1882 de
732 1829 790 1882 Div.
802 1828 851 1895 111,
896 1845 959 1882 sane
982 1825 1018 1878 ad
1040 1826 1088 1877 boc
1111 1826 1253 1896 sepissime
1275 1827 1399 1886 occurrit.

347 1927 380 1980 75
395 1913 498 1962 Emest,
518 1908 553 1961 ad
566 1911 650 1965 Tacit,
671 1912 736 1962 Hisl,
754 1913 780 1976 l,
801 1910 852 1977 83,
895 1907 989 1958 Postea
1000 1905 1045 1957 tub
1056 1906 1142 1975 priore
1154 1904 1252 1956 vexillo
1264 1919 1325 1955 eum
1334 1904 1400 1955 Tur·

347 1989 409 2044 ubi:
426 2011 438 2034 ι
448 1988 541 2058 vulgus
554 2002 580 2040 et
595 1988 699 2060 plures,
714 1989 852 2044 seditioni·
896 1989 981 2041 rentio
1000 1998 1067 2057 puto
1082 2003 1152 2051 esse,
1172 1985 1223 2036 sub
1242 2003 1275 2036 eo
1289 1983 1399 2050 vexillo,

348 2067 398 2120 bus
413 2082 439 2119 et
453 2069 589 2122 ambitioso
603 2070 712 2140 imperio
723 2069 806 2122 leri.»
897 2067 970 2140 quod
984 2071 1070 2138 prime
1084 2069 1141 2122 acic
1156 2065 1318 2130 collocaret,
1334 2067 1400 2130 sire,

385 2165 409 2200 a.
427 2149 853 2212 Libertinomiliteuervisinmi-
897 2147 971 2221 quod
992 2151 1019 2200 in
1040 2145 1176 2219 prioribus
1196 2159 1267 2198 esset
1287 2145 1401 2209 vexillis,

348 2227 430 2278 litiam
441 2230 852 2284 manumissis-locenrliomm
897 2229 1020 2300 adeoque
1031 2227 1153 2282 hostibus
1166 2229 1281 2280 maxime
1296 2229 1401 2298 exposi-

348 2324 432 2358 cousu.
444 2305 510 2358 Vide
522 2326 545 2358 c.
559 2309 607 2375 3ο,
619 2322 645 2360 et
657 2310 736 2364 Dion.
745 2310 798 2376 LV,
810 2309 851 2361 26.
898 2325 969 2376 tum,
983 2311 1034 2362 uisi
1047 2310 1129 2362 mavis
1141 2308 1288 2379 intelligere
1299 2307 1338 2373 id,
1351 2307 1399 2359 suls

384 2385 410 2438 3.
428 2386 516 2439 Semel
528 2387 562 2440 ad
576 2389 723 2459 presidium
735 2389 853 2442 colonia·
898 2410 951 2462 quo
968 2393 1057 2444 Rome
1068 2393 1125 2461 jam
1144 2393 1253 2444 fucrant
1272 2392 1400 2462 inpriore

348 2484 420 2532 rum,
436 2479 486 2518 etc.
501 2467 533 2520 A.
546 2470 579 2520 U.
593 2468 653 2536 760.
666 2469 708 2520 ef.
720 2471 786 2532 Dio,
797 2468 853 2535 LV,
898 2471 1051 2524 ministerio.
1071 2469 1123 2524 Sed
1138 2472 1196 2542 ipse
1213 2485 1309 2524 auctor
1322 2469 1399 2522 modo

348 2543 393 2598 31.
407 2545 475 2599 Veli.
495 2547 532 2613 ll,
550 2563 616 2602 111:
637 2547 744 2601 thabiti
762 2550 853 2619 itaque
898 2553 1074 2604 manumissos
1081 2569 1127 2603 eos
1136 2549 1209 2602 dixit.
1216 2553 1306 2621 Auget
1315 2563 1399 2602 autem

348 2623 484 2692 delectus,
498 2628 614 2680 revocati
626 2629 744 2700 undique
755 2641 782 2680 et
795 2647 854 2679 om·
898 2645 1049 2696 momenta,
1068 2631 1179 2704 quibus,
1197 2631 1366 2686 abhorruisse
1383 2649 1398 2682 a

348 2722 396 2756 nes
418 2708 552 2767 veterani;
573 2706 622 2758 viri
643 2707 801 2779 feminaeque
821 2723 853 2758 ex
898 2710 1084 2764 libertinorum
1104 2711 1218 2766 militurn
1240 2731 1295 2764 uso·
1310 2713 1397 2780 Augu·

349 2801 430 2836 censu
446 2783 598 2840 libertinum
613 2801 713 2846 coactas
729 2786 793 2840 darc
805 2789 862 2844 mi·v
899 2803 984 2858 nom,
1005 2790 1140 2857 ostendat,
1160 2790 1225 2842 dum
1246 2792 1284 2843 bis
1300 2803 1398 2842 tanturn

349 2861 455 2914 litem·
900 2885 991 2934 usum,
1008 2871 1078 2922 etin
1096 2887 1198 2924 somma
1215 2868 1337 2940 Reipubl.
1350 2886 1398 2918 ne·

385 2937 411 3005 4.
430 2941 529 2994 Iterum
541 2943 578 2994 ud
588 2943 697 2998 tirtelom
712 2944 787 3015 ripoe,
802 2954 853 2996 etc.
899 2950 1036 3014 cessitate,
1051 2961 1077 3001 et
1088 2948 1210 3001 hostibus
1224 2946 1398 3001 concidendos

349 3033 412 3089 post
422 3019 523 3072 cladem
533 3023 693 3090 Varianam,
704 3025 735 3076 A.
746 3027 779 3077 U.
793 3025 853 3094 763.
900 3029 1052 3100 exposuisse
1065 3041 1177 3100 propter
1191 3028 1339 3100 periculum
1349 3044 1397 3098 pa-

350 3099 612 3166 ef.ni0,1,vt,23.
705 3165 710 3176 Ι
900 3111 937 3162 cis
949 3122 1069 3180 tempore
1081 3107 1115 3162 ab
1127 3111 1160 3162 iis
1173 3109 1398 3174 metuendnm‚et

386 3177 411 3230 5.
432 3179 536 3251 Easque
546 3199 628 3234 servos
638 3181 737 3250 adbuc,
749 3196 800 3236 etc.
811 3184 857 3237 oti-
898 3185 960 3240 loco
979 3189 1111 3258 armisque
1126 3187 1159 3240 ab
1179 3190 1303 3258 ingenuis
1319 3205 1397 3239 secre-

351 3259 373 3311 si
383 3259 560 3314 servosadbuc
573 3260 783 3316 additamentum
795 3277 857 3316 sunt
899 3270 982 3334 visse,
998 3267 1081 3321 addit.
1097 3269 1239 3334 Ceterum,
1256 3268 1298 3320 alii
1313 3267 1397 3335 conje-

314 3361 318 3369 ·
350 3336 514 3408 glossatoris,
524 3341 583 3410 qui,
593 3359 674 3412 quum
682 3344 857 3413 praecessisset
899 3360 995 3399 cerunt
1004 3349 1079 3420 privo
1088 3347 1130 3400 rel
1138 3349 1261 3418 proprio,
1272 3365 1320 3419 pro
1328 3346 1396 3420 prio-

351 3414 471 3470 libertino
479 3418 572 3486 milite,
581 3439 689 3474 monere
698 3421 792 3489 voluit,
800 3441 856 3489 eos,
900 3445 936 3479 re.
948 3428 999 3479 sed
1016 3427 1068 3482 boc
1084 3427 1154 3480 idem
1166 3441 1251 3494 esset,
1268 3425 1339 3500 quod
1353 3443 1396 3476 rae·

352 3517 435 3569 quum
446 3501 515 3552 servi
530 3499 617 3552 adhuc
631 3502 784 3572 nequedum
798 3522 856 3555 ma·
900 3527 949 3582 que
959 3509 1126 3575 commistos,
1143 3521 1193 3560 etc.
1208 3511 1249 3560 De
1265 3504 1398 3561 vexillariis

351 3580 461 3633 numissi
473 3593 575 3646 essent,
593 3582 717 3648 indictos,
735 3584 753 3633 i.
770 3601 793 3633 e.
806 3585 856 3634 im-
901 3587 997 3644 doctus
1007 3590 1187 3640 estExcnrsus
1197 3588 1301 3640 Ernest.
1312 3585 1396 3638 ad'la·

350 3671 459 3726 peratos
472 3657 560 3710 edicto
571 3660 792 3731 pecuniosioribus
804 3659 853 3730 (al.
900 3669 945 3716 cit.
954 3683 1009 3737 quo
1017 3667 1103 3718 varias
1112 3665 1230 3717 virorum
1240 3663 1397 3717 eruditorum

349 3739 579 3808 peculiosioribus,
603 3739 637 3791 al.
660 3742 740 3792 etiarn
761 3742 856 3794 vitiose
901 3741 935 3796 de
950 3745 983 3796 iis
995 3744 1140 3798 sententias
1154 3745 1183 3795 in
1194 3743 1397 3816 disquisitionem

350 3819 604 3891 periculosioribus),
615 3821 634 3872 i.
646 3840 670 3873 e.
683 3841 715 3874 ex
726 3841 816 3890 censu,
826 3835 857 3877 ut
900 3822 1012 3874 vocavit.
1026 3823 1084 3874 Hoc
1097 3821 1158 3874 loeo
1174 3820 1272 3874 milites
1288 3819 1346 3872 levis
1356 3835 1398 3866 ²1·-

351 3895 419 3948 Vell.
439 3899 532 3961 fuisse;
552 3897 645 3950 eadem
661 3901 856 3971 perspicuitatis
901 3913 1010 3953 matura
1030 3899 1193 3970 intelligendi
1218 3899 1347 3960 videntur,
1366 3907 1397 3946 ut

352 3976 419 4025 ratio
434 3989 569 4029 auctorem
589 3978 623 4030 ad
641 3977 790 4050 adjicienda
808 3999 855 4045 ea,
902 3977 974 4050 apud
984 3978 1069 4030 Tncit.
1082 3979 1149 4030 Hist.
1164 3981 1201 4043 tl,
1212 3975 1262 4041 66,
1277 3995 1326 4050 quo
1336 3971 1396 4026 loco

353 4071 408 4104 non
435 4058 599 4122 necessaria,
627 4061 779 4112 commovit.
805 4058 857 4112 sed
902 4060 980 4111 etiam
998 4056 1033 4109 ad
1046 4057 1167 4110 eamdem
1187 4057 1221 4108 da
1237 4055 1290 4108 hoc
1306 4071 1397 4127 genere

352 4131 515 4206 praeferenda
526 4147 615 4190 nmen
628 4159 660 4192 ea
676 4139 856 4192 emendationi
901 4138 1014 4190 militum
1026 4139 1186 4192 sententiam
1197 4155 1261 4189 usus
1274 4149 1311 4188 ast
1320 4132 1395 4186 Salm.

353 4210 477 4264 Oudend.
492 4233 595 4288 eosque,
613 4219 649 4268 ad
662 4217 712 4272 boc
725 4239 819 4284 servos,
838 4221 855 4272 i.
901 4217 935 4270 de
948 4221 986 4272 lle
997 4218 1075 4274 Milit.
1090 4220 1167 4272 Rom.
1182 4237 1242 4289 cap.
1263 4233 1293 4286 19
1307 4211 1395 4286 (ΤΙὶίὲῦΙ

355 4309 378 4342 e.
391 4303 531 4361 preterea,
550 4293 589 4344 ἀπὶ
602 4293 691 4361 τούτῳ,
709 4318 762 4370 quo
778 4316 856 4350 sensu
901 4298 982 4351 Graev.
997 4313 1060 4351 tom.
1073 4299 1112 4367 X,
1122 4319 1183 4371 pag.
1201 4297 1287 4368 1427).
