3036 5124
366 523 435 602 444
467 549 472 568 .
745 516 780 579 c.
807 512 1042 580 sunronrr

363 643 503 713 machiae
515 641 630 710 hortos
644 639 825 709 subvectus
843 657 909 721 est,
927 639 1091 733 disposita
1101 641 1244 707 statione
1255 663 1319 734 per
1330 643 1423 731 ripas

363 756 514 838 Tiberis,
538 777 616 850 quae
637 752 772 822 obviam
793 751 1000 848 prodeuntes
1024 767 1276 834 summoveret,
1298 755 1424 819 iterum

364 870 472 963 Appia
482 864 645 962 usquead
657 867 839 959 septimum
849 864 1014 958 lapidem,
1028 861 1089 932 sed
1100 867 1290 958 prospectis
1302 863 1425 945 modo,

365 1003 428 1047 nec
444 975 542 1046 aditis
557 976 658 1044 Urbis
676 974 860 1059 moenibus,
876 975 990 1058 rediit;
1008 978 1135 1068 primo,
1150 978 1344 1058 incertum,
1361 999 1429 1070 qna

366 1087 408 1158 de
424 1111 542 1169 causa;
554 1103 690 1180 postea,
707 1101 840 1155 ostento
852 1088 1000 1153 territus.
1016 1090 1099 1152 Erat
1109 1088 1140 1153 ei
1151 1088 1186 1153 in
1198 1085 1429 1153 oblectamen-

366 1203 408 1268 tis
425 1223 564 1294 serpens
577 1196 696 1282 draco,
709 1223 813 1294 quem
827 1222 869 1267 ex
880 1198 1126 1266 consuetudine
1139 1221 1244 1265 manu
1262 1221 1327 1265 sna
1343 1196 1444 1266 ciba--
1512 1289 1513 1294 ἵ

256 1285 260 1308 ⁸
367 1329 480 1396 turus,
498 1337 605 1407 quum
619 1327 837 1380 consumtum
853 1335 874 1379 a
889 1311 1037 1378 formicis
1053 1312 1255 1392 invenisset,
1275 1312 1430 1376 monitus
1512 1295 1513 1326 ³

368 1437 434 1503 est,
453 1437 492 1489 ut
509 1425 579 1490 vim
600 1420 825 1496 multitudinis
842 1437 985 1490 caveret.
1009 1419 1156 1490 Rediens
1177 1444 1258 1512 ergo
1275 1443 1429 1513 propere

367 1535 605 1625 Campaniam,
619 1530 770 1601 Asturae³
786 1536 822 1600 in
836 1532 1033 1626 languorem
1051 1531 1185 1599 incidit:
1199 1555 1270 1626 quo
1283 1529 1430 1624 paulum

369 1641 499 1712 levatus
511 1645 655 1712 Circeios
667 1643 847 1738 pertendit.
860 1651 907 1712 rlc
919 1668 962 1712 ne
976 1664 1080 1739 quam
1094 1645 1327 1735 suspicionem
1345 1641 1431 1708 infir

369 1757 494 1823 mitatis
511 1755 624 1839 daret,
641 1755 887 1825 castrensibus—‚⁴
902 1755 991 1824 ludis
1011 1780 1080 1824 non
1099 1772 1234 1824 tantum
1254 1755 1430 1836 interfuit,

370 1863 430 1933 sed
440 1868 542 1932 etiam
551 1869 694 1936 missum
703 1869 738 1934 in
748 1890 887 1936 arenam
897 1891 1019 1960 aprum
1024 1863 1148 1960 jaculis
1158 1864 1304 1958 desuper
1316 1868 1429 1957 petiit:

371 1978 551 2071 statimque
574 1977 678 2046 latere
703 1979 888 2060 convulso,
910 1996 962 2061 et,
986 1995 1025 2046 ut
1048 1994 1266 2060 exaestuarat,
1288 1977 1429 2045 afflatus

371 2113 472 2190 aura,
490 2091 525 2155 in
544 2093 733 2182 graviorem
751 2090 870 2159 recidit
887 2091 1055 2160 morbum.
1076 2090 1294 2160 Sustenmvit⁵
1312 2106 1431 2157 tamen

370 2200 595 2294 aliquamdiu,
616 2203 771 2296 qua'mvis
789 2207 959 2272 Misenum
977 2227 1085 2298 usque
1104 2200 1264 2270 devectus
1282 2199 1377 2268 nihil
1394 2224 1431 2267 ex

372 2309 490 2380 ordine
501 2309 696 2408 quotidiano
709 2317 997 2406 praetermitteret,
1012 2337 1055 2381 ne
1068 2315 1220 2381 convivia
1233 2309 1382 2406 quidem
1395 2333 1432 2376 ac

372 2437 500 2491 ceteras
520 2422 725 2516 voluptates,
748 2427 871 2517 partim
892 2426 1168 2517 intemperantia,
1188 2425 1311 2515 partim
1337 2419 1430 2488 dissi·

372 2532 568 2601 mulatione.
589 2531 693 2602 Nam⁶
710 2533 898 2602 Chariclem
917 2532 1103 2616 medicum,
1125 2531 1217 2628 quod
1235 2549 1430 2599 commeatu

410 2721 436 2772 3.
454 2721 563 2775 Asturoe.
576 2721 642 2776 Vide
655 2725 723 2794 Aug.
735 2741 779 2794 97.
791 2751 829 2764 -
837 2725 878 2777 De
926 2725 1005 2776 ulam
1014 2721 1150 2775 Tiberium
1159 2740 1271 2792 corpus,
1279 2723 1343 2791 jam
1353 2724 1431 2782 vires,

376 2799 479 2851 Circeiis
490 2801 525 2853 cl.
538 2799 632 2852 Cellar.
646 2805 685 2868 ll,
699 2817 729 2871 9,
742 2819 802 2873 pag.
815 2804 876 2855 810.
923 2802 1043 2855 nondum
1072 2801 1247 2855 dissimulatio
1278 2800 1430 2853 deserebat.

410 2874 436 2940 4.
458 2879 627 2954 Castrensibus
641 2879 715 2930 ludis
732 2877 829 2932 Milites
843 2879 879 2930 ibi
923 2879 1431 2953 ldemunimirigonsmoneacvultu

374 2957 521 3008 stationarii
533 2971 643 3028 egerunt
656 2956 734 3010 ludos
744 2977 791 3011 seu
802 2975 880 3010 rena·
924 2963 1055 3024 intentus,
1074 2961 1184 3032 quaesita
1199 2957 1338 3012 interdum
1352 2959 1432 3011 comi·

375 3034 491 3100 tionem,
512 3038 627 3088 exercitii
648 3050 673 3088 et
697 3035 879 3090 delectationis
924 3041 1109 3112 tateqnamvis
1122 3040 1290 3091 manifestam
1301 3037 1431 3090 defectio·

376 3133 473 3180 causa,
486 3118 515 3167 in
529 3117 597 3168 Foro
617 3117 779 3169 Circeiorum
798 3135 880 3170 arene
924 3137 986 3171 nem
1009 3118 1131 3191 tegebm
1153 3119 1314 3189 mutatisque
1337 3118 1432 3187 sepius

376 3210 477 3263 sparso.
493 3195 548 3246 llos
560 3209 638 3247 vocat
651 3208 799 3262 castrenses,
816 3198 880 3268 qnia
925 3197 1005 3266 locis,
1015 3196 1122 3249 tandem
1132 3195 1205 3267 apud
1216 3198 1432 3266 promontorium

377 3269 476 3323 fiebant
491 3291 505 3322 a
523 3272 650 3326 militibus
665 3287 692 3327 et
710 3277 767 3328 sine
783 3295 880 3348 magno
925 3277 1022 3328 Miseni
1036 3275 1174 3342 consedit,
1193 3276 1221 3326 iu
1238 3273 1319 3341 villa,
1341 3276 1388 3328 cui
1405 3274 1430 3324 L

377 3365 517 3421 apparatu.
533 3352 575 3403 Sic
591 3352 765 3426 Oudendorp.
785 3355 882 3407 Probat
927 3351 1053 3405 Lucullus
1067 3353 1204 3424 quondam
1218 3352 1359 3406 dominus.
1368 3377 1381 3400 ι
1393 3353 1430 3405 Cf.

378 3427 883 3505 Wolfius,acjureputocompararilo·
927 3433 992 3497 Dio,
1005 3434 1098 3496 LVlll,
1112 3432 1153 3484 28.

378 3527 440 3560 cum
461 3508 554 3562 Claud.
580 3528 629 3578 ar,
653 3515 881 3568 :anniversarium
964 3511 989 3564 6.
998 3513 1069 3564 Nam
1079 3512 1225 3565 Chariclem
1233 3514 1376 3579 medicam,
1385 3525 1429 3566 etc.

380 3591 407 3641 in
417 3590 506 3644 castris
514 3594 677 3662 praetorianis
688 3594 815 3647 exhibuit.
825 3620 836 3644 ι
848 3626 884 3638 -
928 3594 1013 3644 Tacit.
1029 3589 1046 3642 l.
1059 3611 1082 3643 c.
1100 3591 1191 3658 nlllic,
1204 3611 1265 3644 eum
1284 3595 1432 3664 appropin-

380 3670 460 3724 Latus
481 3671 654 3734 convulsum
679 3673 707 3725 id
731 3672 804 3746 quod
828 3676 883 3726 lere
928 3691 1009 3744 quare
1028 3673 1176 3743 supremis,
1194 3671 1242 3723 tali
1258 3671 1345 3722 modo
1362 3689 1433 3722 com·

380 3747 494 3802 dicimus
507 3767 544 3802 nn
557 3751 639 3822 effert
653 3753 717 3804 dans
731 3752 756 3804 le
769 3753 838 3819 cote,
853 3766 884 3805 ut
929 3765 1042 3823 partum.
1063 3753 1125 3803 Erat
1143 3749 1277 3815 medicus,
1297 3765 1358 3802 arte
1371 3753 1433 3802 insi·

379 3829 470 3881 fractis
484 3831 564 3881 nimia
579 3835 699 3902 eorporis
712 3835 883 3885 contentione
928 3832 1000 3901 gnis,
1015 3829 1124 3880 nomine
1140 3827 1288 3894 Charicles,
1305 3847 1363 3880 non
1378 3831 1433 3900 qui·

381 3907 623 3976 viribus,dolorem
631 3925 719 3962 ortum
727 3912 815 3963 statim
823 3930 884 3963 sen·
930 3907 991 3962 dem
1009 3927 1101 3979 regere
1117 3907 1284 3961 valetudines
1304 3909 1432 3981 Principis

381 3990 454 4039 serit.
463 4017 499 4028 -
507 3989 664 4042 Exoestuare.
675 3993 713 4042 lta
724 3991 884 4044 etnosGull.
930 3989 1037 4055 solitus,
1046 3988 1151 4040 consilii
1160 4003 1250 4040 tamen
1258 3989 1366 4058 copiam
1374 4007 1432 4061 pm

380 4065 543 4138 s't‘cltaufser.
930 4071 999 4122 bere.
1011 4072 1051 4135 ls,
1066 4069 1138 4122 velut
1152 4071 1262 4140 propria
1277 4068 1313 4120 ad
1327 4071 1430 4138 negotis

418 4145 442 4196 5.
464 4147 622 4199 Sustentaait
641 4159 728 4200 tamen
749 4149 884 4221 aliquam-
930 4148 1094 4219 digrediens,
1112 4161 1138 4201 et
1157 4166 1206 4219 per
1220 4148 1338 4219 speciem
1354 4147 1430 4200 offitii

382 4224 441 4294 diu,
466 4241 516 4278 etc.
536 4227 620 4279 Tacit.
645 4229 738 4281 Annal.
763 4230 811 4296 vt,
834 4229 882 4282 50:
930 4249 1037 4283 manum
1048 4230 1216 4301 complexus,
1234 4226 1344 4299 pulsum
1357 4247 1431 4281 rens·
