2982 5116
381 557 539 623 OCTAV.
566 556 824 624 AUGUSTUS.
1021 573 1036 610 ⁰
1055 562 1116 626 281

84 685 182 750 Auxit
195 705 298 750 ooenae
311 703 481 752 rumorem
498 707 629 752 summa
640 699 721 753 tunc
737 685 915 753 incivitate
929 689 1069 778 penuria
1081 710 1121 754 ac

82 795 204 878 fames,
214 793 500 891 acclamatumqne
512 811 562 864 est
574 794 750 888 postridie,
772 819 898 878 somne
914 795 1120 865 linimentum

80 909 170 975 Deos
189 907 416 990 comedissem
434 923 483 990 et,
507 910 694 975 «Caesarem
708 927 781 974 esse
798 905 897 999 plane
916 905 1119 1000 Apollinem,

81 1015 140 1084 aed
151 1016 366 1084 Tortoremt:
381 1049 394 1078 υ
407 1040 475 1111 quo
484 1019 717 1109 cognomineis
727 1021 816 1084 Deus
827 1015 1016 1109 quadamin
1025 1033 1119 1110 parte

82 1125 182 1194 Urbis
198 1124 377 1195 colebatur.
401 1131 540 1194 Notatus
560 1142 611 1194 est
626 1143 660 1193 et
677 1142 715 1193 ut
731 1129 886 1219 pretiosae
906 1125 1119 1220 supellectilis

79 1235 396 1331 Corinthiorumque
407 1234 635 1330 praecupidus,
648 1253 681 1303 et
693 1235 774 1305 aleae
785 1235 974 1327 indulgens.
988 1241 1073 1304 Nam
1087 1253 1120 1305 et

80 1347 332 1437 proscriptionis
343 1361 493 1438 tempore
503 1346 546 1412 ad
558 1361 700 1413 stamam
712 1341 785 1438 ejus
796 1343 1002 1438 adscriptum
1014 1362 1080 1428 est,

239 1463 328 1522 Pater
341 1464 546 1542 argentarius,
558 1484 616 1543 ego
629 1462 868 1536 Corinthiarius3

79 1591 187 1661 quum
197 1567 439 1636 existimaretur
450 1569 612 1663 quosdam
622 1587 758 1664 propter
765 1593 844 1637 vasa
852 1569 1021 1638 Corinthia
1033 1572 1119 1636 inter

78 1681 286 1770 proscriptos
300 1701 434 1746 curasse
453 1680 656 1750 referendos.
671 1686 712 1748 Et
723 1681 842 1748 deinde
856 1679 945 1749 bello
959 1680 1119 1749 Siciliensi

79 1791 286 1882 epigramma
299 1789 470 1882 vulgatum
482 1808 533 1859 est
547 1819 553 1857 :

199 1909 365 1991 Postquam
376 1909 423 1970 bis
435 1909 527 1970 classe
537 1911 634 1972 nctus
646 1931 739 1972 naves
751 1909 900 1993 perdidit,

198 2004 372 2086 Aliquando
384 2019 420 2067 ut
429 2007 548 2081 vincat,
561 2006 640 2068 ludit
652 2006 772 2067 assidue
785 2007 892 2067 aleam.

122 2123 240 2188 LXXI.
264 2126 312 2188 Ex
327 2121 449 2216 quibus
461 2126 530 2192 sive
545 2123 739 2192 criminibus
753 2128 821 2192 sive
837 2121 1021 2192 maledictis
1039 2123 1120 2190 infa-

77 2231 201 2297 mium¹
225 2233 437 2325 impudicitiae
459 2234 615 2302 facillime
638 2236 813 2317 refutavit,
835 2251 868 2301 et
890 2235 1063 2328 praesentis
1087 2249 1120 2301 et

77 2345 305 2432 posteraevitae
314 2348 472 2412 castitate.
487 2348 567 2413 ltem
578 2344 781 2416 lautitiarum
790 2342 963 2427 invidiam3
973 2367 1078 2437 quum
1086 2359 1120 2411 et

76 2447 279 2518 Alexandria
292 2469 404 2544 capta,
417 2453 497 2520 nihil
512 2455 572 2522 sibi
586 2470 708 2547 praeter
719 2478 825 2521 unum
840 2452 1055 2520 murrhiuum
1067 2474 1120 2517 ca-

76 2559 176 2628 licem
191 2586 231 2628 ex
243 2565 465 2632 instrumento
479 2568 569 2658 regio
582 2568 769 2646 retinuerit,
786 2582 819 2631 et
835 2589 914 2631 mox
927 2587 1007 2630 vasa
1019 2587 1120 2628 aurea

75 2671 297 2740 assiduissimi
308 2699 390 2742 usus
399 2675 592 2744 conflaverit
603 2679 725 2742 omnia.
737 2677 830 2741 Circa
842 2672 994 2740 libidines
1006 2671 1118 2753 haesit3

77 2797 196 2873 postea
208 2807 356 2878 quoque,
370 2801 408 2852 ut
418 2785 547 2868 ferunt,
558 2786 601 2853 ad
615 2783 778 2853 uitiandas
790 2786 933 2876 virgines
946 2785 1118 2876 promtior,

76 2916 154 2985 quae
171 2892 233 2960 sibi
242 2894 407 2988 undique,
421 2899 519 2964 etiam
533 2897 574 2964 ab
589 2921 708 2977 uxore,
723 2899 1011 2990 conquirerentur.
1031 2892 1120 2961 Aleoe

75 3027 251 3070 rumorem
270 3004 364 3072 nullo
388 3006 489 3072 modo
512 3010 659 3100 expavit,
682 3005 827 3101 lusitque
851 3003 1066 3096 simpliciter²
1087 3019 1121 3069 et

76 3112 192 3203 palam
204 3113 435 3184 oblectamenti
448 3141 565 3200 causa,
578 3121 677 3186 etiam
689 3141 807 3200 senex3
822 3141 862 3184 ac
875 3113 1119 3210 praeterquam³

77 3333 150 3404 quod
178 3333 378 3405 augurabantur
402 3358 433 3391 ax
459 3341 577 3390 insecuta
624 3335 1120 3408 eumfuissesiguificat.Videquaeno·

75 3415 155 3466 lame.
623 3419 732 3469 tulimus
745 3417 777 3468 ad
789 3420 854 3470 Cres.
867 3435 890 3467 c.
902 3417 944 3485 49.

110 3503 137 3566 A.
157 3501 212 3552 Sed
222 3501 352 3554 Tortorem
359 3525 369 3562 ,¹
382 3503 498 3574 Marsyae.
511 3504 577 3554 Lau·
659 3524 683 3557 a.
701 3504 861 3577 Simpliciter
870 3517 895 3557 et
903 3501 1013 3577 palam5
1026 3500 1054 3552 id
1065 3513 1119 3569 est,

75 3579 121 3633 dat
137 3579 253 3632 wolfius
270 3583 395 3651 bottiger.
414 3581 482 3632 Mus.
497 3582 575 3633 Attio.
623 3582 1120 3644 sineomnidissimulatione‚utosten·

76 3663 101 3724 l,
120 3679 149 3729 p.
170 3658 233 3726 357,
247 3659 280 3711 de
294 3659 346 3711 hoc
361 3663 518 3730 cognomine
532 3680 577 3712 ex·
623 3661 710 3728 deret,
731 3683 787 3715 sese
808 3662 859 3713 tale
880 3659 1119 3724 oblectamentum,

75 3751 232 3807 ponentem.
622 3742 735 3793 infamiae
749 3741 812 3792 alias
828 3739 986 3803 obnoxium,
999 3755 1055 3788 non
1068 3754 1120 3806 pu·

109 3825 576 3898 LXXI.1.1ufumiamimpudicitirr.
622 3820 681 3872 dori
702 3821 752 3873 sibi
775 3820 880 3872 ducere.
903 3821 940 3868 lta
961 3813 1031 3886 apud
1054 3812 1118 3864 Plin.

76 3906 173 3956 Denuo
186 3905 347 3974 impudicitia
356 3905 390 3956 de
403 3907 512 3958 marium
523 3919 577 3958 stu·
621 3901 704 3970 Epist·
717 3902 744 3965 Ι,
763 3901 806 3961 13,
821 3893 1011 3948 ‘'simulam‘'
1023 3904 1047 3944 θ’
1055 3890 1119 3964 sm·

76 3981 243 4052 prodicitur,
256 3981 329 4053 quod
341 3985 473 4054 objectum
485 3985 578 4056 Augu·
623 3979 668 4030 tt'm
675 4018 683 4044 ,
697 3991 776 4048 atque
785 3973 937 4046 simpliciter
947 3984 971 4024 et
983 3971 1060 4022 libere
1072 3988 1119 4040 op·

76 4074 117 4110 sto
132 4059 248 4112 vidimus
263 4079 287 4112 c.
301 4063 344 4114 68.
359 4063 481 4133 Sequitur
494 4065 577 4129 eninr,
622 4072 765 4127 ponuntur.

76 4141 153 4192 Circa
166 4139 284 4192 libidines
296 4141 379 4209 bresit,
396 4143 491 4213 quoda
507 4143 577 4194 ferni·
657 4145 682 4196 3.
692 4147 865 4215 Praeterquam
875 4139 1012 4194 Decembri
1020 4157 1120 4203 menter

76 4237 171 4270 narum
200 4223 358 4273 commercio
384 4242 437 4274 non
461 4221 577 4276 alienum
622 4227 665 4294 qui
681 4237 772 4296 praeter
783 4223 860 4276 alium
873 4239 976 4274 morum
986 4220 1118 4274 licentiam
