3036 5128
334 543 374 620 tt
706 540 741 602 c.
768 537 1001 604 sunronu

333 663 385 728 lus
408 659 555 739 Consul,
580 659 688 726 edicto
711 662 890 752 praefatus,
914 659 957 726 de
981 684 1111 726 surmna
1135 683 1172 725 se
1194 658 1379 750 Republica

332 792 503 857 acturum,
527 770 642 838 retulit
661 773 704 838 ad
726 777 903 856 Senatum,
928 791 966 840 ut
988 776 1018 838 ei
1043 770 1277 840 succederetur
1298 791 1379 838 ante

333 902 483 975 tempus,
509 886 668 978 quoniam
690 882 780 951 bello
801 885 954 952 confecto
978 907 1044 975 pax
1067 898 1171 961 essct,
1194 905 1233 948 ac
1256 878 1377 948 dimitti

333 992 469 1060 deberet
487 996 593 1060 victor
614 997 799 1062 exercitus:
823 1011 856 1060 et
876 1019 919 1060 ne
943 993 1109 1060 ²abseutis
1130 996 1215 1058 ratio
1236 995 1378 1059 comitiis

332 1105 523 1186 haberetur,
544 1103 679 1199 quando
698 1123 732 1172 et
747 1105 923 1198 plebiscito
943 1107 1121 1196 Pompeius
1141 1119 1261 1196 postea
1283 1102 1380 1168 obro-

333 1231 451 1304 gasset.
469 1213 662 1282 Acciderat³
677 1231 809 1296 autern,
825 1231 863 1281 ut
875 1218 920 1297 is,
936 1213 1045 1305 legem
1062 1211 1193 1304 dejure
1207 1213 1380 1302 magistra-

333 1341 429 1392 tuum
445 1327 573 1409 lerens,
592 1351 631 1392 eo
646 1329 771 1419 capite,
785 1351 852 1420 quo
866 1352 886 1392 a
901 1329 1060 1418 petitione
1075 1325 1244 1394 bonorum
1258 1324 1379 1392 absen-

333 1455 382 1504 tes
409 1438 647 1521 subrnovebat,
676 1463 719 1505 ne
748 1443 914 1505 Caesarem
942 1437 1079 1532 quidem
1105 1441 1292 1530 exciperet,
1319 1459 1380 1528 per

333 1546 552 1630 oblivionem3
572 1572 722 1629 acuuox,
740 1547 813 1640 lege
829 1547 900 1640 jam
919 1551 953 1616 in
972 1572 1017 1614 aes
1035 1551 1158 1628 incisa,
1176 1550 1259 1613 etin
1276 1545 1379 1612 laera-

333 1659 421 1724 rium
442 1658 596 1740 condita,
618 1661 800 1748 corrigeret
820 1681 980 1725 errorem.
1002 1663 1070 1723 Nec
1088 1673 1268 1724 contentus
1290 1661 1379 1722 Mar-

332 1767 436 1834 cellus
454 1769 641 1859 provincias
660 1770 782 1834 Caesari
799 1785 832 1832 et
849 1767 1081 1858 privilegium⁵
1100 1769 1249 1858 cripere,
1266 1765 1381 1833 retulit

333 1943 449 2014 agitabat
458 1967 465 2006 ;
481 1963 530 1996 nec
540 1945 585 1996 illc
598 1945 748 2010 abnuebat,
763 1948 784 1999 si
796 1965 834 1998 ra·
879 1958 988 2016 excepto
1010 1957 1097 1996 tamen
1119 1945 1235 2010 Caesare,
1256 1943 1329 2015 quod
1352 1956 1380 1993 ut

332 2023 369 2073 tio
377 2024 417 2074 sui
427 2026 552 2093 proximis
559 2027 671 2076 comitiis
681 2024 831 2078 haberetur.
877 2023 1042 2095 illegitimum
1055 2021 1128 2074 haud
1142 2021 1252 2073 curabat
1267 2021 1382 2072 Marcel-

332 2099 491 2152 Consulatus
510 2101 629 2172 absenti,
649 2123 726 2174 quern
741 2104 832 2157 decem
853 2121 854 2126 ¹
877 2102 927 2154 lus.
943 2102 1008 2166 Dio,
1023 2103 1085 2166 XL,
1100 2100 1147 2166 5ι,
1159 2113 1185 2152 et
1197 2096 1240 2152 56.
1255 2099 1334 2151 Gonl.
1348 2099 1381 2149 atl

332 2178 460 2246 Tribuni,
475 2182 578 2232 favente
593 2183 732 2254 Pompeio,
749 2202 833 2255 nuper
877 2199 936 2251 cap.
950 2182 999 2248 28,
1011 2178 1057 2231 ubi
1067 2178 1127 2231 loca
1137 2179 1171 2230 de
1182 2178 1320 2250 privilegio
1330 2175 1383 2228 Cu-

333 2256 523 2322 decreverant,
549 2271 623 2324 tum,
651 2261 832 2314 dissimulante
878 2264 927 2312 sari
941 2259 1004 2311 dato
1018 2262 1210 2330 congessimus.

333 2337 440 2404 eodem,
455 2337 608 2408 negabatur.
623 2342 730 2392 Veniret
744 2355 770 2392 et
784 2359 833 2410 pe·
913 2341 938 2392 3.
958 2340 1093 2392 Acciderat
1103 2351 1208 2406 autem,
1225 2351 1275 2390 etc.
1295 2337 1382 2390 Valde

333 2429 398 2468 teret
419 2420 548 2488 majorum
569 2437 650 2470 more.
672 2418 719 2470 llle
740 2433 833 2471 contra
879 2418 914 2470 ob
931 2417 1001 2469 banc
1016 2420 1222 2469 inconstantiam
1237 2415 1382 2488 repreben-

334 2496 450 2565 flagitare
462 2495 584 2562 decreta,
604 2515 651 2561 ac,
671 2500 721 2550 nisi
739 2501 766 2550 iu
781 2497 833 2550 fide
879 2497 917 2548 dit
928 2499 1082 2568 Pompeium
1092 2497 1148 2548 Cic.
1160 2495 1193 2547 ad
1203 2496 1256 2547 Διι.
1267 2497 1342 2562 VIII,
1352 2497 1383 2560 3,

333 2590 537 2647 permanerent,
565 2595 619 2628 non
648 2597 674 2629 se
703 2581 832 2630 remittere
878 2575 1034 2629 ubidicitur
1051 2576 1129 2629 ideo:
1147 2576 1382 2629 ailleabsentisin

333 2655 484 2706 exercitum.
500 2657 567 2724 Ergo
582 2659 652 2706 utin
667 2655 770 2710 hostem
785 2657 833 2708 de·
880 2654 1003 2708 omnibus
1016 2656 1136 2726 adjutor,
1149 2655 1218 2708 idem
1233 2659 1312 2708 etiarn
1328 2668 1382 2706 ter-

334 2734 457 2782 cernitur.
468 2755 479 2778 ι
491 2763 527 2772 -
538 2733 674 2800 Ceterum,
687 2750 715 2787 ut
728 2737 833 2806 opinor,
882 2737 918 2785 tio
926 2733 1067 2786 consulatu
1077 2747 1218 2806 postquam
1226 2753 1285 2786 esse
1292 2733 1384 2786 deten-

335 2811 360 2859 in
370 2829 425 2881 seq.
437 2809 497 2862 loco
509 2812 613 2865 malim:
624 2833 677 2884 pax
686 2835 747 2868 esse.
759 2853 766 2868 .
777 2855 783 2867 .
793 2817 835 2867 de-
873 2833 925 2866 ·sor
940 2813 1102 2884 Reipublicae
1114 2815 1211 2884 coepit‚
1226 2812 1383 2876 contendit,

335 2889 416 2955 beret,
430 2907 479 2957 pro
491 2901 559 2942 estet.
881 2904 910 2943 ut
924 2890 1016 2943 decem
1030 2891 1142 2943 Tribuni
1160 2890 1246 2963 plebis
1264 2893 1384 2956 ferrent,

371 2983 394 3016 a.
410 2967 451 3018 Ne
461 2967 683 3024 attentarant...
694 2971 833 3023 haberetur.
881 2984 910 3022 ut
922 2970 1038 3022 absentis
1055 2972 1122 3021 ratio
1138 2969 1295 3034 baberetur,
1311 2970 1384 3042 quod

334 3043 400 3096 Vide
408 3063 467 3116 cap.
480 3047 524 3112 18,
532 3047 622 3119 ibique
630 3064 685 3101 not.
701 3081 736 3090 -
749 3053 836 3121 Quan·
879 3050 949 3102 idem
961 3052 1018 3121 ipse
1030 3051 1116 3102 sanxit
1127 3047 1185 3122 lege
1195 3049 1310 3120 quadani
1322 3067 1383 3110 sua,

334 3121 836 3200 doetplebiscitoPompeiusposteaob·
880 3129 1385 3200 MarcoqueMarcelloConsuli,linien-

335 3202 836 3278 rupisset.Vu1302quandonecplebi-
881 3211 902 3259 ti
921 3209 1071 3279 provincias
1091 3206 1190 3260 Gallias
1208 3208 1267 3260 Kal.
1289 3210 1384 3274 Mart,

334 3279 396 3330 seito
416 3281 660 3354 Pompeiuspostea
681 3286 835 3358 obrepsisset,
882 3288 1007 3339 restitit·
1025 3287 1102 3338 Conf.
1119 3300 1144 3338 et
1158 3285 1273 3357 Philipp.
1288 3289 1328 3351 ιι,
1344 3300 1383 3337 ιο.

336 3356 408 3429 quod
418 3360 459 3409 vix
468 3358 593 3412 idoneum
605 3381 709 3415 sensum
722 3365 835 3418 exhibet.
881 3365 1019 3431 Ceterum,
1036 3365 1072 3414 M.
1088 3363 1214 3416 Marcello
1230 3366 1384 3435 Pompeium

335 3441 460 3490 Nostrum
471 3436 530 3490 leet.
544 3443 696 3496 eGronovii
711 3446 836 3497 emanda—
883 3443 1026 3509 restitisse,
1047 3455 1140 3492 auctor
1161 3443 1239 3493 etiarn
1256 3454 1296 3493 est
1316 3444 1386 3504 Dio,

336 3520 408 3570 tione
422 3516 532 3587 legentis
548 3531 574 3571 et
586 3539 636 3592 pro
651 3542 711 3584 nee,
726 3539 753 3576 et
767 3525 836 3576 Bris-
882 3522 942 3585 XL,
959 3521 1008 3585 56,
1023 3535 1049 3573 et
1063 3521 1105 3590 59.

336 3597 403 3648 aonii
413 3599 584 3664 auctoritate,
597 3602 741 3655 nonnullos
752 3603 835 3656 Godd.
918 3602 943 3668 4.
962 3603 996 3653 In
1007 3601 1126 3654 iniurium
1133 3639 1142 3666 ,
1156 3602 1203 3652 ubi
1214 3602 1286 3672 leges
1299 3619 1386 3654 serva·

336 3673 433 3727 babere
443 3675 763 3749 obruqauetallirmantit,
772 3701 838 3753 quo-
883 3680 987 3732 bantur.
1003 3681 1079 3733 Gaul.
1092 3681 1159 3750 Aug.
1173 3679 1216 3749 94.

337 3755 415 3806 modo
431 3755 512 3807 edidit
526 3757 605 3808 etiam
619 3759 724 3830 Stepb.,
738 3763 837 3833 recepit
920 3759 945 3827 5,
970 3760 1142 3834 Prioileqium
1161 3761 1269 3830 proprie
1285 3759 1327 3809 lex
1347 3772 1386 3810 est

338 3834 457 3887 Wolliua.
474 3835 640 3889 Plebiscitom
655 3839 789 3910 intellige,
804 3839 838 3893 de
883 3836 1009 3889 adonius
1024 3837 1064 3889 vel
1076 3853 1183 3908 poenam
1197 3836 1238 3888 vel
1255 3836 1386 3887 bonorem

338 3929 390 3980 quo
405 3932 427 3962 c.
440 3915 490 3966 26:
506 3937 518 3960 r
527 3929 556 3966 ut
569 3917 671 3969 absenti
683 3917 733 3967 sibi
746 3921 838 3989 petitio
884 3919 1033 3989 pertinens,
1048 3937 1093 3970 seu
1111 3918 1215 3969 brevius
1233 3917 1275 3969 lex
1289 3918 1320 3968 de
1333 3937 1386 3970 rino

338 3991 444 4042 secundi
468 3997 620 4051 consulatus
643 3998 779 4049 claretum
807 4001 837 4051 Ei
883 3997 1383 4068 dominelatalvidellosindnt.Ilum.

339 4066 475 4136 plebiscito
501 4074 674 4144 abrogaverat
697 4079 837 4147 Pompeius
884 4078 1071 4148 Vlll,6,pug.
1083 4075 1159 4145 567).
1173 4077 1221 4126 llic
1231 4076 1387 4146 intelligitur

338 4145 395 4214 lege
415 4146 448 4198 de
467 4154 596 4218 comitiis,
615 4176 667 4226 qua
682 4158 837 4220 intuebatur,
885 4159 976 4224 petitio
990 4159 1098 4209 alterius
1109 4156 1278 4221 consultant,
1291 4158 1387 4208 Caesari

339 4229 442 4298 nequis
462 4227 554 4281 aliseos
574 4234 702 4286 lionorctn
723 4252 837 4306 peteret,
884 4237 985 4287 absenti
998 4239 1136 4309 plebiscito
1150 4251 1283 4289 concessa.
