3040 5118
339 523 406 648 sot
525 559 528 574 ·
715 563 751 628 c.
776 561 1012 630 suarontt

337 691 426 759 filius
447 691 635 758 dexteriore
654 689 843 757 veheretur.
864 686 1043 757 Praesedit⁹
1065 704 1099 755 et
1119 690 1258 756 Actiacis
1279 687 1385 766 ludis,

338 818 371 870 et
394 799 549 894 Trojanis
571 800 802 883 Circensibus,
827 799 949 867 ductor
970 816 1091 865 turmae
1114 823 1300 891 puerorum
1321 821 1388 864 rna-

335 910 462 1005 jocum.

386 1025 459 1089 vlt.
486 1017 582 1086 Virili
601 1035 680 1111 toga
701 1035 832 1104 sumta,
856 1018 1119 1086 adolescentiam
1138 1039 1303 1098 omnem,¹
1319 1041 1389 1109 spa·

339 1133 490 1225 tiumque
506 1131 713 1224 insequentis
733 1131 839 1198 aetatis
857 1153 967 1224 usque
985 1125 1027 1195 ad
1049 1130 1259 1221 principatus
1279 1129 1387 1209 initia,

340 1265 401 1334 per
419 1242 491 1310 haec
511 1241 580 1308 fere
599 1245 783 1334 transegit:
806 1245 933 1308 Munus
954 1238 1186 1332 gladiatorium
1205 1241 1241 1304 in
1263 1251 1389 1306 memo-

340 1354 424 1418 riam
436 1353 556 1444 patris,
574 1365 608 1418 et
619 1349 761 1418 alterum
777 1353 812 1418 in
826 1354 879 1418 avi
897 1351 1013 1431 Drusi,
1028 1347 1135 1430 dedit,
1150 1347 1293 1414 diversis
1306 1365 1389 1414 tem·

341 1460 479 1554 poribus
495 1484 535 1528 ac
551 1459 653 1527 locis:
670 1463 817 1553 primum
834 1462 870 1526 in
887 1465 986 1542 Foro,
1001 1451 1186 1526 secundum
1200 1459 1236 1523 in
1256 1455 1392 1548 Amphi·

341 1571 489 1655 theatro;
510 1571 682 1640 ¹rudiariis
701 1595 836 1667 quoque
855 1569 1058 1667 quibusdam
1078 1571 1258 1651 revocatis,
1280 1561 1391 1635 euctoss

342 1700 495 1752 ramento
507 1701 687 1752 centenum
698 1683 852 1752 millium.
871 1681 970 1750 Dedit
980 1699 1015 1750 et
1027 1681 1144 1764 ludos,
1159 1678 1219 1748 sed
1232 1681 1388 1764 ²absens,

343 1807 464 1858 cuncta
476 1791 667 1885 magnifice,
678 1797 829 1887 impensa
841 1795 958 1859 matris
970 1815 1009 1858 ac
1021 1793 1139 1858 vitrici.
1156 1792 1389 1884 Agrippinam,

344 1907 391 1970 Μ.
406 1905 553 1996 Agrippa
572 1907 734 1996 genitam,
753 1901 908 1997 neptem³
924 1902 1045 1971 Caecilii
1065 1905 1163 1969 Attici
1183 1905 1312 1996 Equitis
1330 1908 1391 1968 Ro-

379 2132 405 2184 9.
415 2115 564 2169 Proeredt'tet
569 2117 681 2174 Actiacis
688 2119 756 2174 ludit
760 2143 770 2183 ς
778 2139 845 2191 quot
890 2118 940 2172 Atii
951 2117 1166 2192 agladiatoribus
1175 2116 1330 2170 conditione
1340 2135 1391 2169 ser·

345 2195 398 2265 egit
408 2196 542 2265 Augustus
553 2216 614 2248 aun.
629 2200 688 2267 726.
701 2199 766 2264 Dio,
776 2201 846 2267 Llll,
890 2201 922 2250 ri.
940 2199 972 2249 lli
989 2197 1081 2249 donati
1095 2195 1161 2248 rude
1176 2215 1231 2248 non
1245 2195 1393 2248 libertatem

349 2289 370 2324 t.
383 2272 423 2325 Gi.
437 2274 504 2346 Aug.
523 2278 567 2342 18,
580 2290 605 2328 et
620 2279 685 2344 nio,
700 2279 745 2346 Ll,
760 2297 783 2346 t,
795 2279 846 2331 ibi·
891 2274 1074 2347 accipiebant,
1091 2275 1136 2327 sed
1147 2277 1313 2326 vacationem
1326 2273 1393 2325 dun-

346 2369 398 2422 que
414 2351 518 2405 Fabric.
539 2354 711 2422 Diffieuttnti,
727 2377 784 2430 qnte
799 2376 844 2410 no·
889 2368 962 2406 taxat
982 2373 996 2406 a
1017 2373 1115 2426 pugna.
1136 2355 1248 2406 lanistae
1269 2353 1392 2423 deinceps

346 2441 399 2481 etro
414 2428 475 2482 loco
486 2434 571 2486 oritur
581 2453 613 2486 ex
627 2453 673 2502 eo,
691 2435 763 2507 quod
778 2454 846 2507 prae-
892 2451 974 2504 prore
992 2432 1092 2485 lanistis
1107 2447 1199 2498 erant,
1218 2432 1344 2484 doctores
1362 2433 1393 2481 ti·

346 2508 759 2582 tedisteTiberiusluditdicitur,
767 2515 847 2568 idem·
891 2529 1004 2578 conum,
1017 2526 1044 2564 et
1055 2510 1217 2576 batuebnnt,
1229 2529 1283 2562 non
1294 2529 1394 2582 pugna·

347 2605 398 2661 que
408 2603 522 2642 turmam
532 2591 653 2659 duxisse,
664 2594 708 2644 cni
718 2593 847 2646 succurrit
892 2590 957 2642 bant
961 2628 1032 2642 .....
1046 2592 1099 2660 Qui
1111 2589 1204 2642 donati
1216 2589 1298 2655 rude,
1310 2590 1394 2642 nedic-

346 2667 459 2720 Cataub.
475 2671 597 2741 suppleto
611 2671 671 2743 suit
685 2685 745 2743 post
763 2676 847 2744 majo·
893 2669 926 2722 rt't‘
943 2670 1039 2722 dicti·
1055 2699 1093 2710 -
1106 2670 1340 2721 Auctoramenttm
1356 2679 1396 2720 est

347 2763 420 2810 rum,
433 2747 537 2800 facilins
549 2748 679 2802 medearis
692 2764 793 2802 resecto
802 2759 845 2814 et,
892 2745 1019 2818 obligatio
1028 2746 1061 2799 ad
1069 2744 1235 2799 serviendum
1243 2761 1321 2818 pacta
1329 2765 1395 2798 mer

347 2835 377 2874 ut
387 2825 421 2875 ita
432 2823 550 2896 legaturt
569 2826 711 2880 oePrtesedit
722 2841 749 2879 et
759 2829 847 2882 Actia·
892 2825 956 2879 cede
978 2838 1133 2892 contracta,
1154 2839 1183 2878 ut
1207 2827 1396 2896 interpretatur

348 2902 386 2952 cis
398 2900 480 2965 ludis,
490 2905 611 2974 Trojenie
621 2904 790 2958 Circensibus
800 2905 848 2956 tlu-
894 2905 1048 2976 Heusinger.
1064 2904 1098 2957 ad
1110 2903 1191 2956 verba
1203 2905 1289 2956 Cicer.
1304 2902 1340 2955 tle
1349 2905 1395 2958 Of·

348 2990 407 3029 ctor
423 2991 514 3032 turma·
525 3001 669 3053 puerorum
686 2986 846 3053 majorum.»
894 2984 935 3036 iic.
947 2986 972 3049 l,
985 2987 1035 3050 dn,
1049 2983 1081 3049 3,
1097 2981 1262 3034 ellliberales
1273 2995 1362 3035 autern
1370 2993 1396 3034 et

349 3058 471 3111 Prteseclit
489 3081 549 3114 curn
564 3065 656 3116 vitrico
676 3079 702 3116 et
716 3065 850 3135 Agrippa,
892 3060 1397 3134 sordidiqutettusmercenariornmom·

350 3153 431 3208 mum
441 3138 589 3209 ad‘rrojun
602 3157 709 3196 ventum
721 3155 803 3207 estet,
816 3141 849 3193 etl
894 3143 1274 3212 nium,quornmoperte,non
1283 3158 1396 3211 quorun

350 3229 483 3270 certamen
497 3218 643 3274 descendit.
657 3252 694 3264 -
704 3224 849 3274 Puerorum
894 3237 963 3273 artes
971 3233 1101 3272 emuntur.
1110 3221 1155 3271 Est
1162 3219 1232 3271 enim
1239 3221 1266 3271 in
1277 3218 1328 3272 illie
1339 3221 1397 3290 ipsa

350 3297 486 3367 majorum.
505 3299 621 3352 Minores
634 3300 791 3354 dicebantur
804 3319 851 3354 au·
897 3309 1227 3353 mercecauctnrametttum
1234 3297 1394 3360 mimum

350 3391 445 3426 norum
462 3377 506 3444 td,
522 3390 601 3449 atque
613 3379 675 3432 inde
689 3383 802 3452 majores
817 3377 852 3431 ad
896 3379 968 3432 unde
991 3399 1110 3445 merces,
1136 3398 1185 3451 pro
1212 3398 1266 3451 qua
1290 3379 1397 3432 rudiarii

352 3451 386 3507 acl
402 3473 501 3508 annum
516 3456 556 3510 18.
897 3471 992 3531 sponte
1009 3459 1042 3512 ad
1053 3477 1157 3531 pugnae
1172 3457 1345 3529 gladiatoriae
1360 3477 1397 3510 re·

388 3535 442 3585 Vll.
466 3554 488 3588 r.
502 3538 639 3592 Rudiariit.
655 3541 727 3610 Lipe.
745 3539 850 3591 Saturn.
896 3540 998 3594 dibant.

352 3613 391 3678 ll,
407 3613 457 3666 23:
474 3617 596 3668 «liudem
609 3616 782 3688 indulgebant
795 3617 852 3688 gla-
933 3639 957 3672 n.
975 3618 1026 3673 Sed
1036 3620 1132 3671 absent.
1143 3617 1183 3670 Ci.
1195 3620 1264 3689 Aug.
1277 3619 1322 3684 43.

353 3689 500 3748 dictoribus
519 3700 664 3762 veteranis,
679 3699 754 3770 quasi
770 3697 853 3766 megi·
931 3699 957 3752 3.
976 3701 1088 3768 Neptem
1104 3696 1203 3750 Cerilli
1216 3700 1305 3750 Attici.
1319 3698 1395 3750 Corn.

353 3776 425 3824 sterii
437 3776 556 3846 signum,
571 3791 616 3828 eut
630 3781 708 3830 etiem
721 3779 810 3843 novit,
823 3778 852 3828 in
897 3783 966 3851 Nep.
978 3779 1057 3829 duic.
1072 3795 1118 3829 ta:
1135 3779 1204 3830 «uis
1218 3777 1298 3830 rebus
1310 3779 1398 3830 effecit

353 3867 423 3902 novo
431 3851 521 3925 aliquo
530 3867 555 3906 et
563 3869 672 3908 strenuo
681 3859 781 3908 facto...
789 3855 852 3922 Qui·
896 3857 1029 3927 (Atticus),
1036 3870 1065 3908 ut
1075 3857 1112 3908 Μ.
1119 3857 1262 3928 Vipsanius
1272 3859 1397 3930 Agrippa,

354 3925 414 3979 darn
427 3928 585 4000 gladiatores
601 3934 677 3986 liberi
691 3949 781 3999 erant,
797 3934 852 3984 sire
897 3935 1399 4007 intimalamiliatitateconjunctusado-

353 4013 493 4075 auctorati,
510 4015 554 4086 qni
571 4031 655 4067 aronae
672 4031 781 4084 operam
794 4029 854 4083 pre·
897 4016 1399 4089 lescentiCresari,quamproptersuarn

354 4089 391 4140 tio
406 4087 538 4142 locabant.
554 4094 575 4144 li
588 4092 679 4145 donati
692 4092 773 4158 rode,
784 4091 853 4145 retli-
898 4099 1008 4168 gratiam
1024 4109 1050 4146 et
1063 4097 1169 4148 Generis
1181 4098 1329 4167 potentiam
1343 4097 1399 4149 rtul-

354 4166 572 4222 bantinveterem
580 4172 854 4242 prorsuslibertatetn,
899 4175 948 4228 lius
960 4172 1119 4227 conditionis
1131 4191 1187 4226 non
1199 4173 1396 4245 baberet-pote-

355 4245 428 4298 nullo
446 4247 515 4304 ultre
535 4249 641 4302 viuculo
662 4252 853 4305 servitutis...
898 4267 1007 4319 statem,
1022 4253 1190 4328 potissimum
1204 4254 1261 4322 ejus
1273 4251 1396 4324 deligeret
