2982 5116
374 591 439 634 220
745 567 781 630 C.
807 566 1039 632 SUB-TONll

371 693 602 784 superposuit,
615 689 843 756 translatam¹⁷
859 691 999 772 cCuria,
1011 691 1046 755 in
1061 713 1128 784 qua
1139 693 1176 756 C.
1187 695 1293 758 Gaesar
1303 693 1402 758 lucrat

372 803 512 870 occisus.

418 913 553 978 XXXll.
581 910 761 1004 Pleraque¹
785 913 922 1002 pessimi
944 909 1087 1003 exempli
1106 914 1265 993 correxit,
1284 936 1356 1006 quae
1374 915 1402 976 in

371 1024 554 1115 perniciem
567 1019 751 1112 publicam,
764 1036 823 1087 aut
832 1045 873 1088 ex
885 1020 1126 1090 cousuetudine
1138 1021 1334 1116 licentiaque
1343 1021 1404 1089 bel-

373 1131 485 1198 lorum
505 1129 653 1197 civilium
668 1128 887 1211 duraverant,
909 1147 968 1198 aut
988 1153 1049 1223 per
1068 1155 1185 1223 pacem
1202 1133 1301 1198 etiam
1318 1133 1405 1198 exsti-

373 1256 493 1308 terant.
513 1247 597 1308 Nam
610 1251 662 1307 et²
682 1258 910 1332 grassatorum
930 1242 1065 1334 plurimi
1083 1242 1194 1335 palam
1211 1267 1247 1308 se
1267 1241 1403 1309 ferebant

374 1353 533 1420 succincti
544 1353 650 1435 serro,
665 1355 761 1447 quasi
775 1352 892 1422 tuendi
907 1357 958 1421 sui
970 1377 1090 1421 causa:
1104 1372 1138 1421 et
1150 1357 1238 1446 rapti
1250 1377 1310 1446 per
1320 1375 1405 1444 agros

374 1465 517 1531 viatores
532 1466 603 1532 siue
622 1461 830 1546 discrimine,
847 1463 942 1534 liberi
958 1468 1127 1558 servique,
1146 1464 1323 1556 ergastulis
1339 1488 1407 1556 pos·

375 1598 546 1642 sessorum
563 1575 878 1668 supprimebantur:
902 1593 935 1644 et
955 1575 1108 1668 plurimae
1126 1576 1304 1656 laedones,
1324 1573 1411 1641 titulo

375 1685 505 1779 collegii
519 1689 614 1768 novi,
629 1685 672 1752 ad
687 1686 812 1755 nullius
823 1713 892 1756 uon
903 1688 1059 1756 facinoris
1072 1691 1264 1756 societatem
1278 1685 1405 1754 coibant.

377 1801 482 1890 Igitur
498 1816 720 1890 grassatores,
740 1798 910 1893 dispositis
921 1787 989 1893 'per
1009 1819 1200 1892 opportuna
1219 1800 1293 1868 loca
1310 1801 1409 1867 statio

377 1907 492 1990 nibus,
508 1909 670 1976 inhibuit:
688 1907 876 2001 ergastula³
891 1914 1103 2004 recognovit:
1120 1909 1290 2002 collegial,
1303 1925 1410 2002 praeter

378 2021 516 2114 antiqua
535 2037 568 2088 et
588 2021 752 2111 legitima,
772 2019 934 2090 dissolvit.
958 2021 1128 2090 Tabulas⁵
1149 2038 1302 2088 veterum
1318 2021 1409 2087 aeran'i

377 2126 588 2212 debitorum,
603 2129 655 2198 vel
672 2135 877 2225 praecipuam
889 2130 1114 2198 calumniandi
1128 2135 1318 2205 materiam,
1329 2151 1411 2196 exus·

379 2239 431 2304 sit.
457 2237 564 2305 Loca⁶
585 2243 619 2305 in
640 2241 731 2308 Urbe
754 2241 889 2334 publica
905 2239 992 2336 juris
1011 2240 1157 2333 ambigui
1177 2238 1411 2335 possessoribus

380 2481 415 2492 -
437 2453 585 2506 Manuoreo
614 2457 685 2508 Jauo
714 2457 882 2530 superposuit.
928 2457 1034 2509 turiseo
1053 2455 1196 2508 latrociniis
1216 2454 1412 2522 seditionumque

380 2532 467 2598 Quam
490 2533 630 2586 lectionem
648 2537 704 2604 jum
727 2549 884 2606 recepemnt
927 2533 1033 2586 licentia
1044 2553 1132 2587 curam
1144 2534 1252 2600 babuit,
1263 2547 1313 2586 etc.
1324 2557 1335 2580 ι
1348 2533 1413 2584 Insita

381 2609 504 2662 Oudend.
521 2625 547 2662 et
561 2610 646 2663 wolf.
666 2631 715 2682 pro
734 2612 804 2682 vulg.
822 2631 883 2685 sup·
929 2612 1033 2664 videtur
1044 2611 1135 2666 ltalico
1149 2614 1221 2678 solo,
1236 2616 1354 2665 Romano
1365 2629 1415 2682 prar-

379 2691 474 2758 posuit.
490 2692 573 2759 llujus
587 2691 656 2742 euim
669 2705 760 2744 statuae
774 2711 789 2742 a
801 2692 885 2743 collo·
930 2695 1031 2757 sertim,
1051 2695 1131 2764 pestis
1149 2693 1377 2754 latrocinantium,
1394 2703 1415 2738 ut

381 2767 486 2817 catione
495 2769 677 2820 transitionem
685 2782 710 2818 et
718 2781 886 2840 perspectum
929 2772 969 2824 vel
980 2771 1060 2824 bodie
1072 2783 1190 2823 sanctam
1201 2771 1296 2823 urbem
1306 2771 1373 2821 adire
1382 2785 1415 2820 ro·

382 2848 465 2914 pervii
478 2849 539 2898 lani
555 2847 683 2918 impedire
700 2849 815 2902 voluisse
828 2853 885 2902 Au·
930 2851 1046 2903 lentibus
1060 2851 1129 2902 clara
1142 2851 1185 2902 die
1196 2853 1238 2901 rix
1249 2850 1337 2902 liceat.

382 2926 885 3001 gustum,minimeverisimileescquod
966 2931 991 2984 3.
1011 2929 1148 3003 Ergastula
1158 2930 1322 3004 ncopnouit;
1333 2925 1418 2981 adbibi-

384 3015 472 3052 tameu
483 3017 623 3075 utrumque
633 3009 782 3059 necessario
793 3007 886 3072 fiebat,
932 3023 959 3062 to
976 3008 1010 3060 ad
1028 3008 1097 3061 hauc
1114 3027 1204 3061 curam
1220 3009 1339 3062 'liberio
1354 3005 1416 3059 cont.

384 3082 406 3134 si
425 3093 538 3132 statuam
559 3082 608 3134 sub
627 3085 685 3155 ipso
705 3086 764 3137 dani
784 3087 887 3138 fornice
931 3088 1018 3139 Tiber.
1034 3090 1058 3140 8.

385 3161 886 3220 constituisset.lnmouumentisautenr
967 3168 994 3234 4.
1019 3167 1184 3244 collegia...
1205 3169 1340 3230 dissoluit‚·
1361 3163 1418 3238 quoti

386 3242 888 3312 superimpositaarcubusstatuaecou·
932 3248 1019 3300 Cesar
1032 3249 1087 3318 jam
1102 3251 1172 3320 prius
1189 3249 1299 3300 fecerat.
1311 3245 1382 3300 cont
1393 3239 1420 3294 ad

386 3319 545 3388 spiciuntur.
932 3327 996 3379 Ges.
1007 3345 1067 3397 cap.
1080 3327 1122 3393 4²·

426 3414 466 3464 ¹7·
487 3395 774 3467 TranslatameCuria,
784 3405 810 3455 in
822 3423 888 3477 qua,
969 3405 993 3458 5.
1016 3403 1420 3459 Tabulas....exussit.VideDi0n·

388 3491 437 3528 etc.
451 3477 490 3527 Ad
503 3476 572 3527 banc
586 3479 668 3548 ipsam
683 3493 797 3546 statuam
809 3485 890 3534 iuter-
933 3488 1007 3552 Llll,
1030 3506 1062 3548 a,
1087 3491 1132 3558 qui
1154 3487 1277 3540 lleroaldi
1300 3484 1421 3539 confirmat

389 3557 451 3608 eruti
465 3555 572 3608 caesus
589 3573 686 3628 corpus
701 3558 746 3610 diu
759 3563 890 3630 jacuisse,
935 3565 1146 3618 emendationem
1157 3566 1289 3638 plerisque
1297 3563 1422 3636 probatem

389 3637 537 3688 notavimus
550 3633 584 3684 ad
596 3635 661 3687 Caes.
676 3638 716 3690 82.
935 3641 1039 3706 extersit,
1051 3663 1101 3713 pro
1110 3643 1180 3714 vulg.
1189 3645 1309 3705 excussit,
1320 3645 1337 3693 i.
1349 3661 1369 3692 e.
1377 3655 1423 3690 eu·

426 3715 530 3768 XXXII.
555 3733 575 3766 r.
592 3714 759 3788 Pleraque...
775 3720 890 3772 correxit.
937 3721 1052 3772 minavit.
1069 3721 1108 3773 De
1121 3737 1179 3773 voc.
1202 3721 1342 3773 calumuioe
1359 3731 1422 3770 sensu

390 3795 430 3846 Cf.
441 3795 585 3862 Dio,1.111,
596 3813 620 3847 a.
633 3798 681 3847 l'ro
694 3796 834 3870 Pleraque,
845 3801 893 3850 Er·
934 3797 1050 3868 juridico
1062 3799 1115 3852 disi
1126 3799 1160 3852 ad
1170 3799 1233 3851 Ces.
1246 3817 1288 3852 ro.
1300 3799 1341 3850 cf.
1351 3793 1424 3848 unul

391 3890 457 3927 uest.
466 3895 525 3926 cum
533 3877 644 3928 uquS.
652 3878 744 3929 maluit
751 3879 890 3950 Pluraque.
939 3879 1002 3928 tien.
1010 3894 1039 3945 9:
1051 3900 1061 3922 a
1065 3875 1170 3950 fiscales
1176 3877 1337 3941 calumnias,
1345 3889 1424 3942 magni

391 3955 425 4002 At
436 3953 501 4004 illud
510 3967 551 4006 est
562 3955 663 4008 multa.-
675 3958 712 4008 cf.
725 3956 759 4008 ad
769 3959 831 4010 Caes.
845 3959 892 4024 83,
938 3955 1153 4010 calumniantium
1167 3977 1257 4030 paena,
1272 3958 1415 4027 repressit-¹

394 4030 438 4082 ubi
455 4036 533 4086 etiam
547 4052 596 4104 pro
612 4034 761 4109 plerusque,
777 4036 810 4087 al.
828 4035 893 4108 plu·
973 4036 999 4086 6.
1015 4036 1120 4088 locaiu
1131 4035 1424 4108 Urbepulrlicajurisam·

393 4127 488 4180 rusque.
938 4115 1023 4187 bipui3
1035 4113 1087 4168 boc
1099 4131 1151 4183 est,
1167 4135 1224 4189 quae
1236 4129 1324 4168 utrum
1335 4109 1424 4186 publica

430 4206 454 4240 a.
476 4192 661 4244 Grassatorum.
679 4194 721 4246 Sic
739 4193 828 4246 Tiber.
844 4195 893 4264 37:
939 4207 1040 4258 essent,
1051 4213 1084 4245 au
1093 4213 1197 4261 eorum,
1209 4196 1254 4266 qui
1264 4195 1309 4246 illo
1321 4205 1425 4262 tempure

397 4269 447 4318 alu
464 4270 553 4337 primis
569 4270 671 4322 tuenda·
683 4276 755 4343 pacis
767 4293 781 4326 a
795 4291 894 4346 grassu-
940 4291 971 4323 ea
984 4273 1123 4340 tenebant,
1136 4273 1324 4344 ambigebatur.
