3036 5128
475 539 511 602 C.
537 539 568 601 J.
592 535 763 602 GAESAR.
1099 539 1141 604 26

98 661 205 730 fasces
217 686 286 729 non
298 661 451 742 haberet,
464 683 625 730 aecensus
640 677 718 730 ante
729 683 808 728 eum
819 665 898 744 iret,
909 660 1043 730 lictores
1055 687 1143 755 pone

97 790 331 867 sequerentur.
351 777 439 863 Lege
458 769 592 839 autem³
613 773 750 863 Agraria
768 770 996 863 promulgata,
1015 773 1143 840 obnun-

98 885 243 951 ciantem
261 881 424 973 collegam
443 884 545 948 armis
565 887 650 949 Foro
669 880 807 972 expulit.
828 886 874 948 Ac
892 898 1027 973 postero
1040 880 1094 950 die
1108 886 1143 949 in

98 996 224 1061 Senatu
233 1007 472 1087 conquestum,
486 1015 549 1058 nec
558 1013 731 1085 quoquam
740 1007 889 1083 reperto,
903 993 962 1084 qui
973 1015 1074 1083 super
1085 992 1143 1060 tali

98 1107 368 1174 consternatione
377 1101 535 1186 referrel,
546 1120 606 1171 aut
615 1127 752 1170 censere
761 1100 889 1196 aliquid
899 1100 1053 1185 auderet,
1064 1129 1144 1199 qua·

98 1215 139 1281 lia
149 1214 261 1282 multa
276 1237 365 1306 saepe
379 1217 415 1280 in
428 1212 610 1281 levioribus
625 1211 732 1280 turbis
747 1210 881 1278 decreta
895 1228 1005 1296 erant,
1020 1215 1055 1279 in
1069 1237 1143 1280 eam

98 1327 208 1416 coegit
218 1324 502 1416 desperationem,
518 1339 572 1408 ut,
585 1322 698 1418 quoad
709 1339 874 1415 potestate
885 1321 1008 1405 abiret,
1023 1322 1142 1390 dom0⁵

96 1431 233 1502 abditus
250 1434 333 1502 nihil
351 1432 444 1501 aliud
462 1457 566 1528 quam
586 1457 646 1525 per
666 1433 775 1500 edicta
795 1431 1025 1499 obnunciaret.
1046 1439 1142 1502 Unus

99 1695 233 1749 mentibus
257 1695 341 1747 faeces
365 1693 500 1746 habehant
524 1693 598 1746 Coae.
679 1695 705 1761 4.
724 1693 843 1764 Referre3
855 1691 970 1744 Gallice:
983 1708 1008 1742 se
1020 1690 1109 1741 rendre
1119 1689 1144 1742 le

99 1771 599 1846 quemqnamalterniadiebnsnonnun·
644 1769 1143 1846 rapporteurdel'affeire.Idethon-

99 1849 598 1924 quamconmutatoseonteudunthaud
642 1850 716 1918 uelis,
731 1852 777 1923 qni
790 1852 875 1904 fascea
888 1864 958 1902 torte
969 1847 1078 1902 tenebat
1088 1847 1142 1920 (te-

98 1933 188 2002 penti,
203 1949 220 1982 e
232 1931 386 2002 fragmentis
395 1942 515 1982 actorum
525 1929 599 1982 diur-
643 1929 721 1982 nebat
733 1944 820 1982 autem
835 1943 899 1981 tunc
911 1930 1005 1995 Caesar,
1020 1947 1097 1999 quem
1112 1929 1144 1982 de

99 2027 192 2062 norum
211 2007 295 2061 modo
305 2011 534 2074 commemoratis,
550 2008 598 2061 ubi
643 2027 691 2060 sno
706 2010 824 2060 facinore
838 2025 892 2059 non
906 2007 1051 2060 relaturum
1064 2008 1143 2060 fuisse

98 2089 164 2140 inter
184 2088 263 2140 alia:
286 2090 330 2138 uV
348 2087 407 2140 Kal.
429 2090 493 2159 Apr.
513 2088 598 2142 faeces
643 2089 797 2160 patet)‚vel
810 2088 983 2139 Tribunomm
995 2086 1088 2157 plebis,
1102 2087 1144 2138 vel

99 2185 176 2238 penes
193 2165 343 2230 AEmilium;
357 2169 391 2218 1v
403 2166 462 2218 Kal.
479 2168 544 2238 Apr.
558 2165 599 2218 fa·
644 2169 802 2230 Paetorum,
823 2166 919 2236 quibus
935 2169 978 2237 jue
998 2165 1049 2217 hoe
1071 2164 1144 2218 dedit

97 2265 153 2300 ecee
170 2265 256 2319 penes
273 2246 402 2298 Licinium
413 2267 442 2297 :a
463 2245 498 2297 ob
518 2264 598 2318 quam
642 2247 777 2318 Aupuatus
788 2246 870 2315 (Dio,
881 2248 935 2310 LV,
947 2245 993 2316 3)=
1007 2245 1040 2296 de
1052 2245 1145 2296 Tribu-

99 2329 180 2398 ipsam
196 2344 307 2378 caueam
323 2324 446 2379 Oudend.
463 2327 552 2398 apuria
567 2343 599 2378 ea
643 2327 684 2377 nit
694 2323 810 2398 igiturh.
821 2323 840 2375 l.
851 2321 1083 2394 estcogitandum‚
1094 2325 1145 2375 niti

98 2406 267 2476 pronunciat.
279 2409 365 2458 locut
378 2405 502 2458 classicus
514 2404 547 2456 de
558 2406 599 2456 fa·
643 2403 703 2473 quia
711 2421 772 2454 cum
778 2401 1080 2473 Ernreferreputaverit
1088 2419 1144 2454 esee

99 2485 185 2538 suibus
200 2497 242 2538 eet
257 2485 327 2558 apud
342 2487 451 2557 Dionys.
468 2483 598 2536 Arebaeol.
644 2480 795 2534 relationem
811 2481 950 2554 postulare.
969 2511 1003 2520 -
1023 2483 1143 2546 censere,

100 2564 130 2630 t,
144 2583 168 2617 n.
181 2567 334 2617 Decemviri
347 2580 454 2635 quoque
466 2564 552 2616 faeces
562 2567 600 2615 ri·
643 2564 801 2614 sententiam
809 2561 1144 2632 dicereperegressionem‚

99 2644 183 2697 citeim
192 2643 355 2697 habuerunt.
365 2644 420 2695 Liv.
430 2645 478 2709 III,
488 2643 535 2696 33:
549 2661 599 2694 «eo
644 2639 795 2692 relationem
804 2639 904 2710 epredi,
919 2651 948 2689 ut
961 2637 1080 2709 loquitur
1090 2641 1144 2690 Ta·

99 2722 140 2776 die
156 2743 241 2795 penes
259 2725 414 2794 praefectum
431 2725 498 2794 juris
513 2722 599 2794 fasces
643 2723 688 2771 cit.
704 2718 798 2770 Annal.
814 2721 852 2784 11,
867 2717 918 2780 38;
935 2717 962 2769 lr.
979 2717 996 2768 l.
1012 2716 1077 2788 quid
1090 2730 1144 2770 sta-

100 2801 241 2855 duodeeim
261 2817 353 2866 erant3
375 2801 483 2872 collegit
504 2819 598 2854 novem
643 2797 770 2850 tuendum
780 2795 900 2849 videatur
911 2794 1012 2871 dicere,
1026 2797 1144 2866 quamvis

99 2881 196 2955 sinque
220 2884 319 2936 accensi
340 2882 535 2953 apparebantu
564 2911 600 2922 --
644 2875 716 2928 nulla
727 2876 819 2928 relatio
832 2876 903 2928 faeta
914 2877 955 2927 sit.

99 2961 211 3015 dictores
222 2979 290 3032 pone
302 2971 475 3034 sequerentur,
489 2961 545 3012 aine
557 2961 599 3011 la·
680 2954 704 3006 5.
716 2956 803 3007 Domo
811 2953 918 3006 abditam.
927 2951 1002 3004 Conf.
1011 2951 1143 3005 Plutarch.

99 3040 196 3095 acibus.
644 3033 708 3086 caes.
723 3033 762 3100 14.
773 3034 889 3104 Appian.
901 3031 965 3084 Bell.
976 3032 1030 3084 Cir.
1045 3032 1083 3097 ΙΙ,
1100 3049 1144 3097 ιο,

132 3121 157 3174 3.
175 3121 286 3194 leyen..
295 3121 424 3195 Aqmtia3
434 3121 523 3192 quales
532 3119 599 3172 mul·
648 3129 688 3176 Η,
702 3126 809 3180 narrat,
823 3112 950 3165 Caesarem
961 3126 1023 3182 poet
1034 3125 1145 3163 conten·

99 3211 128 3250 m
147 3213 210 3252 ante
231 3197 330 3251 Iuliam
347 3200 452 3250 fueram
472 3199 545 3263 late,
565 3197 599 3250 de
644 3193 730 3256 tiones
738 3191 771 3244 de
779 3191 837 3262 lege
845 3195 947 3263 agraria
956 3191 1080 3244 Senatum
1090 3209 1146 3242 non

100 3277 192 3347 quibos
214 3276 278 3329 vide
295 3277 383 3349 Sigon,
405 3277 439 3329 de
460 3279 520 3328 Ant.
542 3279 597 3328 Jur.
643 3269 768 3322 hahuisse
785 3271 910 3343 amplius,
926 3269 972 3323 sed
989 3289 1038 3341 pro
1055 3271 1145 3323 rostris

100 3356 153 3410 Ital.
170 3359 211 3422 ΙΙ,
233 3375 267 3424 a,
287 3375 347 3429 pag.
369 3358 420 3427 ⁶²7
442 3374 512 3426 seq.;
531 3355 596 3408 Em.
644 3366 703 3401 cum
722 3349 823 3420 populo
843 3351 943 3421 egisse,
962 3347 1146 3418 adjuvantibus

100 3435 166 3488 (ilar,
178 3437 265 3489 (liner.
279 3437 307 3486 in
316 3434 370 3487 ind.
382 3434 433 3507 leg,
445 3465 481 3475 -
495 3435 599 3487 Obm-
644 3430 768 3499 Pompeio
783 3442 810 3480 et
824 3429 935 3490 (ἔποπος
954 3427 1080 3480 Senatum
1099 3447 1147 3480 au-

100 3516 223 3576 eiantem3
233 3514 263 3566 h.
275 3513 433 3584 eutlegem
444 3511 599 3584 impediret,
645 3520 712 3574 tem,
733 3525 814 3578 quum
832 3507 865 3559 ah
880 3525 934 3559 uno
949 3507 1063 3560 Consule
1080 3525 1146 3558 cona

100 3591 231 3647 dicentem
245 3613 275 3646 se
291 3596 414 3666 auspiciis
430 3611 537 3665 operam
551 3591 599 3644 da·
645 3588 734 3640 vocari
748 3605 802 3638 nou
819 3600 923 3656 posset,
937 3587 964 3637 in
978 3585 1047 3638 aedee
1059 3584 1146 3638 Bibuli

99 3684 197 3740 turum,
208 3693 236 3727 se
244 3673 279 3725 de
287 3672 350 3726 coelo
359 3683 516 3725 servaturum
522 3709 531 3738 ,
542 3689 600 3742 qum
645 3664 814 3726 conveniam
823 3663 929 3715 tandem
939 3663 1076 3728 Bibulum,
1085 3681 1144 3734 pro·

100 3753 211 3808 solentne
219 3752 464 3816 eratiormula3vel
471 3753 555 3805 triatia
565 3751 598 3803 de
642 3761 761 3814 artetum
780 3745 808 3794 in
827 3743 915 3794 forum
932 3755 958 3794 et
972 3741 1143 3808 obluctatum,

100 3831 159 3884 celo
175 3833 362 3898 nunciatam,
381 3849 433 3903 qua
448 3849 476 3882 re
493 3829 598 3883 comitia
643 3823 760 3875 viluisse
772 3821 919 3892 depulsum.
932 3819 1061 3873 Eundem
1071 3821 1144 3886 vide,

101 3907 289 3963 dirimebantur
300 3923 327 3962 et
338 3911 366 3960 in
378 3908 457 3960 alium
467 3907 537 3959 diem
549 3907 600 3960 dit·
644 3921 702 3973 cap.
729 3919 775 3963 ¹²3
796 3914 822 3952 et
840 3901 911 3952 conf.
933 3900 1010 3950 Dion.
1033 3901 1079 3969 qui
1098 3917 1144 3951 ac·

100 3987 262 4054 ferebantur,
274 4007 307 4040 ex
318 3987 376 4057 lege
387 3986 462 4038 AElia
473 3985 506 4038 de
518 3987 610 4038 comi-'
644 3981 808 4032 curatissime
836 3992 918 4030 totam
944 3979 1144 4031 contentionem

99 4068 210 4119 tiiaAElii
222 4069 285 4120 Coe.
297 4069 328 4118 Δ.
340 4070 373 4118 ΙΙ.
387 4065 448 4118 586.
458 4064 525 4117 Vide
536 4067 598 4118 Ern.
644 4062 795 4125 XXXVIII,
817 4061 899 4125 1-8‚
920 4056 1062 4119 describit3
1088 4059 1142 4112 Cic.

99 4143 166 4197 Clav.
178 4144 379 4217 Cic.adlegem
391 4143 498 4209 lutiam,
513 4155 539 4195 et
549 4142 599 4196 sub
645 4142 741 4203 etiam,
767 4137 801 4190 ad
824 4139 902 4190 Attic.
925 4139 966 4204 Il,
990 4155 1021 4207 ¹9
1043 4151 1071 4190 et
1091 4156 1142 4199 ηις

99 4241 154 4276 voc.
168 4227 339 4280 obnuntiare.
355 4227 394 4277 De
408 4243 437 4276 re
452 4221 511 4277 ride
522 4223 597 4275 infra.
644 4218 731 4272 Vellei.
754 4221 795 4284 ll,
818 4216 861 4283 44.
