2982 5116
353 520 418 590 ,σο
600 595 603 601 ,
656 497 663 508 “
722 517 1015 594 csunrortu

351 648 522 718 invidiosis
531 662 594 714 aut
607 644 835 739 petulantibus
851 645 1041 730 lacessitus,
1054 645 1382 718 contradixit'etlicto.

350 768 393 830 Et
405 779 517 830 tamen
530 756 573 827 de
590 756 791 826 inhibendal
804 774 1079 828 testamentorum
1090 759 1224 828 licentia
1239 784 1282 828 ne
1298 765 1385 856 quie·
1490 847 1491 854 ἵ

350 897 452 970 quam
463 875 732 953 constitueretur,
744 873 941 940 intercessit.
1490 861 1491 868 '

395 988 480 1052 LVl.
505 985 644 1070 Quoties
656 985 910 1076 magistratuum
922 984 1062 1050 comitiis
1077 985 1269 1068 interesset,
1282 983 1382 1052 tribus

350 1120 428 1166 cum
439 1090 622 1165 candidatis
632 1093 699 1159 suis
712 1090 922 1174 circumibat,
936 1091 1211 1187 supplicabatque
1221 1118 1315 1162 more
1327 1095 1383 1163 sol·

350 1206 462 1274 lemni.
479 1201 619 1270 Ferebat
630 1203 746 1294 etipse
757 1201 954 1292 suffragium
967 1204 1001 1268 in
1014 1201 1167 1270 tribubus
1178 1212 1204 1286 ¹,
1220 1219 1258 1270 ut
1268 1227 1382 1273 unuse

350 1313 486 1409 populo.
507 1317 644 1380 Testem
665 1335 701 1379 se
722 1314 756 1378 in
773 1307 905 1404 judiciis
927 1326 961 1377 et
978 1313 1192 1404 interrogari,
1212 1328 1245 1380 et
1264 1314 1381 1396 refelli,

349 1424 656 1519 asquissimoanimo
666 1419 865 1514 patiebatur.
879 1425 1021 1488 Forum²
1029 1423 1202 1514 angustius
1214 1422 1307 1505 lecit,
1318 1448 1382 1492 non

347 1556 451 1602 ausus
471 1549 668 1628 extorquere
686 1527 933 1622 possessoribus
953 1531 1123 1623 proximas
1141 1527 1272 1600 domos.
1295 1539 1382 1602 Nun-

343 1667 449 1736 quam
464 1639 549 1709 filios
564 1663 642 1708 suos
657 1638 785 1732 populo
802 1636 1065 1720 commendavit,
1079 1656 1198 1709 utnon
1211 1639 1380 1734 adjiceret,

351 1757 407 1822 .si
428 1752 682 1820 merebuntur·
710 1746 876 1830 Eisdem³,
900 1752 1102 1840 praetextatis
1126 1747 1254 1833 adhuc,
1275 1777 1381 1821 assur·

250 1927 256 1946 ,
346 1879 476 1932 rectum
489 1861 533 1930 ab
549 1862 713 1928 universis
732 1863 766 1926 iu
784 1858 930 1940 theatro,
951 1875 984 1926 et
996 1885 1017 1927 a
1031 1859 1195 1930 stantibus
1210 1860 1379 1954 plausum,

345 1975 539 2068 gravissime
551 1957 689 2066 questus
702 1986 765 2038 est.
780 1970 911 2036 Amicos
923 1972 968 2035 ita
979 1993 1119 2061 magnos
1133 1986 1167 2037 et
1177 1987 1332 2064 potentes
1348 1977 1380 2040 in

344 2085 475 2151 civitate
491 2103 564 2148 esse
579 2079 699 2160 voluit,
713 2093 751 2146 ut
762 2095 874 2146 tamen
886 2080 958 2170 pari
966 2075 1043 2170 jure
1055 2095 1169 2146 essent
1183 2104 1253 2174 quo
1267 2085 1380 2164 ceteri,

344 2191 540 2285 legibusque
547 2185 752 2282 judiciariisl
764 2211 860 2282 aeque
871 2204 1075 2255 tenerentur.
1091 2192 1205 2273 Quum
1216 2197 1380 2284 Asprenas

344 2303 505 2384 Nonius⁵,
524 2303 627 2368 artius
644 2301 673 2367 ei
688 2297 843 2391 junctus,
867 2323 1001 2367 causam
1015 2297 1181 2382 veneficii,
1203 2319 1380 2372 accusante

341 2553 555 2627 mqtstntcum,
569 2564 618 2605 etc.
633 2568 741 2624 prorsus
755 2547 838 2603 diver·
882 2550 936 2622 ptia
951 2561 977 2602 et
990 2549 1079 2603 Fabia.
1094 2549 1172 2604 Conl.
1188 2571 1287 2624 supra,
1301 2573 1325 2606 c.
1336 2553 1376 2622 lo.

339 2650 367 2684 sa
376 2631 508 2684 civilitatis
520 2629 680 2682 documenta
691 2631 837 2680 continent.
918 2645 941 2680 a.
957 2629 1052 2682 Forum
1066 2632 1198 2702 anqustius
1205 2631 1289 2702 fecit,
1303 2651 1379 2705 quara

340 2707 464 2760 &terum
475 2705 616 2773 Muellerus,
630 2720 660 2760 ut
677 2709 765 2759 omnia
780 2725 837 2759 me·
880 2709 967 2760 facere
980 2706 1163 2761 destinaverat.
1176 2710 1245 2763 Vide
1257 2710 1290 2763 ad
1302 2731 1325 2764 c.
1339 2729 1379 2782 ²9·
1488 2697 1489 2734 t

338 2785 388 2838 lius
415 2785 585 2854 cohereant,
614 2787 741 2857 conjicit,
767 2786 837 2839 Jocis
916 2784 943 2838 3.
961 2785 1093 2838 Eisdem...
1111 2788 1263 2858 pravissime
1279 2801 1381 2862 questas

338 2881 536 2936 quamquam...
549 2877 682 2932 attansen,
696 2875 746 2918 eto.
879 2875 922 2916 est.
935 2863 1013 2916 Conl.
1023 2865 1089 2932 Dio,
1100 2865 1165 2932 LlV,
1177 2883 1220 2936 ²7·

373 2943 399 3009 4.
418 2943 458 2995 De
471 2941 612 2996 inhibenda
626 2953 834 2996 testamentorum
914 2942 939 3010 4.
969 2943 1127 3019 Lepibusque
1139 2946 1291 3017 judiciariis
1309 2963 1380 3022 oeqss
1488 2975 1489 2978 ¹

337 3021 458 3085 litteratim
473 3024 500 3075 in
513 3022 609 3094 quibas
623 3034 760 3075 testatores
770 3039 834 3074 con·
879 3033 1040 3085 teneremur,-
1051 3025 1069 3075 i.
1083 3041 1106 3076 e.
1118 3043 1173 3076 non
1185 3029 1282 3079 exemti
1294 3043 1380 3081 essent
1488 3033 1489 3044 ¹

335 3103 402 3154 vicia
412 3119 476 3173 erga
489 3105 662 3173 Imperatores
672 3119 740 3172 saepe
749 3101 835 3152 ettun·
874 3101 997 3172 judiciis,
1019 3101 1054 3152 ob
1073 3103 1182 3155 crimina
1202 3122 1279 3177 seque
1300 3121 1380 3178 atque
1488 3139 1489 3152 2

335 3178 443 3232 (lebant.
457 3177 524 3231 Vide
539 3178 610 3250 Lips.
623 3177 658 3230 ad
668 3179 751 3230 Tacit.
764 3180 832 3230 Ann.
878 3177 922 3229 alii
940 3176 974 3229 atl
991 3181 1036 3248 jus
1057 3192 1166 3250 possent
1186 3185 1286 3234 vocari.
1309 3183 1380 3236 Atia·

338 3256 386 3324 Vl,
398 3257 449 3324 38,
461 3255 523 3320 ubi,
539 3257 695 3309 :Fulcinius
704 3257 783 3308 Trio.
794 3293 800 3307 .
810 3292 833 3308 ..
878 3258 947 3310 enim
955 3253 1169 3328 leqesp'suls'cs'arioe
1177 3257 1381 3335 dicuntae,qui·

335 3337 465 3410 supremis
477 3335 574 3388 tabulis
588 3335 671 3388 multa
689 3347 715 3387 et
733 3336 834 3388 tuccia
877 3335 927 3388 bns
949 3336 1015 3389 ordo
1034 3335 1182 3410 modusque
1193 3338 1379 3410 judiciorum,

333 3420 361 3468 iu
378 3418 530 3468 numnam
546 3433 578 3466 ac
592 3415 739 3485 precipuos
753 3411 833 3464 liber-
877 3415 1052 3487 ordinesque,
1064 3433 1079 3467 a
1092 3416 1189 3488 quibus
1203 3416 1379 3486 haberentur,

333 3510 420 3548 torum
443 3493 551 3547 Caesaris
572 3492 754 3562 composuit·
782 3493 831 3543 Pro
877 3508 951 3546 erant
967 3495 1112 3546 constituti.
1129 3495 1169 3547 (Υ.
1185 3497 1291 3552 Ernest.
1305 3498 1378 3553 Clas.

331 3583 555 3638 ίηιαωεηεοηιπι,
579 3587 718 3643 perperam
741 3568 830 3639 Sigon.
876 3573 930 3625 Cic.
943 3569 997 3624 intl.
1012 3571 1061 3643 leg.

330 3647 831 3724 Disputl‘atar.r,reponentlnmcen·
912 3651 936 3704 5.
967 3652 1096 3722 Asprenas
1113 3653 1224 3706 Nonius.
1249 3653 1380 3708 Eundem

252 3741 255 3754 ¹
331 3731 383 3782 suit
394 3741 603 3783 seommstortsm.
618 3729 711 3778 Postea
721 3744 754 3778 rte
762 3727 832 3799 quic·
875 3742 958 3800 puto,
974 3729 1021 3800 qui
1037 3747 1060 3782 e.
1077 3727 1112 3794 43
1131 3728 1209 3803 lapsu
1224 3729 1380 3787 debilitatus

329 3825 410 3880 quam
426 3805 696 3859 comtituercsarcun
713 3803 830 3855 Gronov.
876 3805 1029 3874 dicebatur,
1056 3825 1119 3859 cum
1141 3807 1316 3883 Dalecbamp.
1344 3810 1380 3864 ad

330 3899 357 3937 ot
368 3885 493 3940 Oudend.
505 3883 576 3938 MSS.
590 3883 746 3936 auctoritate
757 3879 831 3946 dedi,
876 3885 941 3938 l’lin.
956 3888 988 3939 li.
1002 3887 1035 3938 ll.
1048 3888 1155 3954 xm,
1170 3905 1201 3940 ra
1218 3888 1260 3959 (c.
1279 3892 1314 3959 46
1333 3891 1378 3945 ed.

331 3983 395 4036 pro,
409 3985 444 4017 ae
458 3966 566 4018 Seruatus
581 3964 721 4037 quicquam
736 3962 830 4014 comti-
873 3962 980 4034 Frana.)
995 3963 1041 4016 ubi
1052 3985 1058 4016 ι
1070 3965 1164 4036 (unius
1176 3969 1289 4040 patina)
1304 3992 1317 4016 ι
1330 3989 1380 4023 ve·

329 4054 425 4110 tamt,
443 4041 517 4115 quod
530 4044 622 4115 glossae
634 4045 745 4116 propius
756 4039 829 4094 ride·
872 4059 943 4095 neno
959 4043 1099 4114 Asprenati
1114 4063 1160 4096 reo
1175 4047 1283 4100 Cassiam
1295 4049 1382 4103 Sere·

328 4135 381 4174 tur.
872 4139 917 4174 rtts
931 4135 1072 4176 accusator
1084 4123 1243 4194 objiciebat,
1260 4127 1381 4180 interiis-

362 4199 429 4254 avt
445 4199 828 4270 r.1ntribubus‚tltsabus,8ca·
873 4221 900 4256 se
914 4217 981 4255 cxxx
998 4205 1150 4258 conum.»
1167 4204 1249 4258 Filius
1262 4206 1380 4260 fortnas
