2982 5116
367 537 528 603 oc'rtv.
556 537 815 604 tueusrus
1048 567 1113 633 209

81 673 202 732 tameu⁹
211 661 324 730 scribit
332 660 501 755 colloquio
511 665 615 755 petito
624 660 816 732 insidiatum
824 664 886 732 sibi
895 719 904 746 ‚
914 665 1117 759 conjectum-

80 796 140 868 que
151 797 170 839 a
181 796 217 839 se
228 775 263 838 in
275 769 479 854 custodiam,
493 771 615 840 deinde
629 771 719 840 Urbe
733 775 908 842 interdicta
924 776 1116 862 dimissum,

78 880 246 972 naufragio
261 879 314 948 vel
330 879 500 948 latronum
516 881 643 950 insidiis
661 884 799 975 perisse.
818 883 1046 955 Tribuuieiam
1060 913 1119 980 po-

81 1000 260 1056 testatem¹⁰
277 1006 474 1082 perpetuam
488 996 634 1083 recepit:
651 995 716 1060 iu¹¹
736 1019 804 1087 qua
822 997 926 1065 semel
944 1015 1046 1093 atque
1062 1001 1120 1066 ite-

79 1125 149 1168 rum
162 1125 223 1192 per
235 1099 368 1192 singula
379 1100 484 1170 lustru
497 1100 660 1196 collegam
673 1103 734 1176 sibi
746 1111 923 1197 cooptavit.
941 1113 1079 1200 Reoepit·
1087 1129 1119 1176 et

80 1235 207 1278 morum
217 1220 240 1248 ¹²
252 1211 434 1306 legumque
446 1217 596 1305 regimen
608 1239 704 1309 aeque
714 1234 933 1308 perpetuum:
949 1243 1017 1312 qun
1026 1243 1121 1312 Jure,

80 1346 280 1418 quamquam
289 1321 313 1361 ¹³
326 1326 397 1394 sine
409 1348 560 1394 oensurae
572 1325 715 1410 bonore,
729 1351 866 1396 censum
878 1347 990 1396 tumen
1005 1331 1122 1422 populi

80 1537 180 1589 Praestut
190 1537 262 1610 apud
272 1552 414 1611 utrumque
424 1543 577 1612 scriptorem
623 1542 696 1614 quod
710 1545 776 1609 Dio,
791 1544 844 1608 LV,
858 1561 888 1610 9,
904 1556 930 1595 et
944 1545 1050 1609 Noster,
1062 1543 1122 1594 Tib.

81 1613 149 1683 quod
159 1617 211 1686 ipsi
222 1617 358 1683 dedimus,
370 1619 503 1689 effossum.
536 1661 538 1666 .
622 1640 653 1689 9,
662 1644 674 1668 ι
682 1622 848 1674 tribuniciam
855 1624 1043 1692 potestatemin
1051 1625 1125 1692 qnin-

112 1709 136 1760 9.
157 1694 524 1762 Quemumensm‘binhaud
533 1697 578 1750 du·
622 1703 768 1772 quennium
788 1703 921 1772 sucepit·
945 1701 1036 1752 Eidem
1056 1700 1124 1767 Dio,

79 1769 119 1822 bie
139 1775 166 1824 in
187 1775 409 1842 Commentariis,
430 1797 461 1830 111
482 1777 578 1849 quihus
622 1783 676 1848 LV,
692 1781 737 1848 13,
750 1801 808 1834 earu
820 1793 978 1852 potestatem
991 1781 1018 1830 in
1031 1780 1126 1833 decen·

78 1847 321 1923 bausitslppianus‚
330 1856 389 1926 qui,
398 1856 564 1908 Bell.Civ.Ill
571 1895 579 1924 ,
623 1861 697 1910 nium
707 1859 795 1911 datam
807 1861 871 1911 dicit
881 1861 912 1910 Α.
923 1863 955 1911 U,
967 1857 1031 1930 767,
1040 1877 1126 1932 eoque

79 1929 124 1996 95,
136 1929 169 1980 ad
181 1932 296 2000 primunt
307 1935 447 1984 Ootsvisni
457 1934 579 1986 consula-
624 1943 678 1991 fere
695 1955 801 2006 exacto,
817 1945 842 1992 in
864 1959 961 1992 novum
977 1943 1127 2014 quinqueu-

80 2021 144 2074 turu,
157 2011 188 2060 A.
204 2013 235 2060 U.
250 2027 279 2079 71
289 2029 310 2073 t,
323 2031 378 2064 rem
391 2027 487 2065 narrat.
624 2021 695 2068 nium
707 2020 739 2069 Α,
752 2021 784 2069 U.
798 2019 944 2088 766(1.v1,
960 2020 1015 2090 28).

115 2105 154 2138 ro.
166 2089 348 2142 Tribuniciam
354 2101 520 2160 potestatem,
529 2103 578 2142 etc.
663 2111 703 2145 tn.
722 2095 827 2146 Morum
846 2097 984 2170 legumque
998 2099 1129 2172 regimen,-

78 2166 162 2232 Quam
182 2181 246 2238 post
268 2168 400 2222 devictum
418 2170 581 2237 Antonium,
625 2174 657 2224 At
670 2175 703 2224 U.
718 2172 769 2242 735
783 2176 810 2224 iu
823 2177 1035 2247 quinquennium
1050 2177 1129 2246 (Dio,

77 2249 581 2321 111714111111111111110110,
625 2253 689 2318 LW,
708 2249 770 2318 ιο),
785 2264 811 2302 et
823 2271 885 2304 ann.
899 2255 965 2322 741,
978 2257 1004 2304 in
1019 2255 1130 2308 alterum

78 2325 120 2392 Ll,
134 2327 178 2398 19)
189 2329 223 2380 Δ.
232 2331 263 2379 U.
275 2327 336 2397 731,
346 2347 369 2379 u.
381 2327 406 2380 dt
418 2331 440 2374 V
448 2328 507 2380 Kal.
517 2330 582 2396 tut,
627 2331 836 2401 quinquennium
845 2331 925 2399 (ibid.
934 2352 992 2404 cap.
1003 2335 1059 2404 30).
1072 2337 1130 2387 Per·

77 2406 212 2478 Augustus
221 2407 327 2460 demum
334 2412 448 2482 recepit,
459 2410 530 2482 quod
537 2430 582 2482 pa·
625 2419 735 2480 petitum
749 2418 837 2461 turben
851 2410 975 2464 babuisse
987 2413 1054 2464 illud
1067 2413 1131 2466 dicit

78 2499 138 2538 tote
152 2487 235 2540 Dion.
247 2488 316 2554 Llll,
330 2489 379 2553 32,
394 2501 421 2540 et
432 2491 495 2540 Tac.
511 2491 579 2541 dun.
627 2489 781 2553 Suetonius,
801 2492 927 2559 quoniam
947 2505 1009 2560 post
1027 2493 1132 2562 singula

79 2565 103 2627 l,
117 2583 147 2634 9,
161 2566 225 2630 ubi,
240 2588 251 2610 ι
261 2569 419 2618 continuata.
428 2584 477 2637 per
485 2577 581 2639 septem
627 2567 806 2636 quinquennia
823 2567 863 2618 vel
881 2585 929 2637 per
946 2569 1013 2620 alins
1028 2572 1116 2623 occasi

77 2653 101 2694 et
118 2645 229 2716 triginta
247 2661 329 2696 anuos
345 2643 485 2696 tribunicia
503 2656 582 2716 potet
628 2661 692 2696 ones
708 2643 907 2714 prorogandum
927 2646 976 2696 sibi
998 2665 1013 2698 a
1031 2649 1131 2700 Senatu

78 2735 144 2788 stat,
154 2747 166 2770 ι
181 2743 296 2776 numero
311 2721 426 2776 rotundo
440 2743 490 2795 pro
502 2740 582 2776 1111111
627 2741 702 2794 reque
714 2726 831 2789 curavit,
846 2743 877 2776 uc
891 2727 1030 2796 imperium
1042 2729 1131 2798 ipsum

78 2805 150 2856 annis
163 2803 310 2874 etaliquot
324 2804 474 2867 mensibus,
487 2823 583 2876 nempe
627 2817 688 2873 post
699 2801 836 2854 decennis.
850 2805 889 2854 De
903 2805 1059 2873 prefectum
1072 2825 1131 2857 mo-

77 2879 110 2932 ab
129 2901 191 2934 anu.
216 2881 279 2952 731,
299 2900 382 2952 usque
402 2882 435 2936 ad
455 2898 582 2950 mortem,
628 2897 684 2930 nrm
700 2880 934 2932 Casmisof.Caes.
951 2881 994 2950 76.

78 2980 137 3013 ann.
152 2965 216 3032 767.
233 2964 370 3028 Ceterum,
384 2961 417 3014 de
431 2965 456 3015 vi
471 2962 582 3015 tribuni·
667 2957 706 3008 13·
729 2958 891 3030 Quemquam
901 2961 1077 3013 tinecensuroe
1087 2963 1132 3018 lto·

77 3044 121 3096 eie
129 3043 276 3113 potestatis
287 3041 533 3112 ahlmperator'tbue
542 3061 582 3094 11
629 3055 698 3088 nore.
713 3039 754 3088 Cf.
771 3036 804 3088 ad
816 3036 843 3090 h.
859 3037 876 3088 l·
892 3039 1042 3110 Baumgart.
1054 3040 1132 3111 plura

78 3135 167 3174 sumta
177 3135 265 3193 agunt
274 3122 357 3173 Tacit.
369 3121 464 3174 dunel.
476 3122 524 3185 111,
535 3121 582 3187 56,
627 3135 642 3166 e
665 3117 751 3168 Dione
775 3117 939 3195 afferentem:
962 3147 1004 3158 -·
1022 3121 1132 3172 Genium

80 3199 240 3253 nidsummi
252 3199 515 3270 fastigiivocubulum
527 3203 583 3251 Au·
629 3207 716 3248 tamen
732 3197 827 3269 populi
845 3211 884 3250 ter
895 3199 956 3273 epit.
973 3201 1034 3272 lpse
1051 3201 1085 3252 de
1104 3221 1132 3254 se

74 3293 168 3346 gustus
181 3281 300 3352 reperit,
312 3298 345 3331 ue
356 3280 432 3351 Regis
441 3292 487 3331 sut
498 3280 583 3331 Dicta-
629 3273 698 3326 idem
713 3275 803 3346 prodit
819 3280 998 3348 Augustus-in
1011 3281 1132 3335 Menum.

76 3359 136 3411 ton't
153 3375 257 3410 nomen
272 3369 431 3423 assumeret,
446 3375 477 3408 ao
496 3368 583 3409 tamen
630 3354 725 3424 Aneyr.
743 3356 792 3405 «ln
803 3355 943 3407 consulatu
956 3371 1029 3408 sexto
1043 3362 1087 3422 (A.
1099 3364 1132 3412 U.

76 3437 261 3506 appellatione
274 3437 360 3507 aliquit
376 3449 463 3488 cetera
474 3438 585 3508 imperia
631 3432 1073 3510 726),eensumpoputicon109a
1092 3442 1131 3492 M.

77 3518 265 3585 premineret,
276 3539 288 3562 ι
302 3529 329 3566 et
339 3516 403 3580 nto,
415 3516 485 3581 Llll,
500 3533 540 3584 ¹7·
629 3513 747 3584 Agrippa
761 3515 816 3583 egi,
834 3511 947 3564 lustrum
962 3528 1020 3586 post
1034 3529 1134 3570 annum

114 3612 155 3648 11.
174 3598 277 3668 Inque
285 3593 584 3667 semelatqueiterum...
631 3590 741 3642 alterum
763 3603 789 3642 et
809 3591 1041 3663 quadragesimum
1063 3595 1134 3663 feei,

77 3673 209 3749 collegam
224 3672 274 3726 sibi
285 3673 430 3744 cooptavit,·
441 3658 478 3724 A]
487 3673 520 3724 U.
534 3673 585 3741 736
632 3687 684 3741 quo
693 3669 776 3720 lustro
784 3672 879 3722 civium
888 3673 1066 3722 Romanorum
1074 3691 1135 3724 cen·

77 3757 111 3806 Sl.
124 3757 293 3828 Agrippum,
307 3766 416 3806 auctore
428 3755 506 3806 Dion.
520 3755 586 3819 LIV,
631 3767 658 3801 se
671 3762 733 3800 sunt
742 3751 830 3820 capita
841 3749 1015 3821 quadragiens
1026 3765 1133 3804 centum

80 3851 125 3901 11,
137 3839 183 3888 eui
194 3847 295 3906 postea
305 3836 458 3906 prorogavit
470 3831 539 3886 bano
550 3833 587 3885 di·
631 3827 712 3880 millis
727 3843 754 3880 et
768 3830 899 3898 sexaginta
917 3831 966 3880 triu
983 3829 1072 3881 millis.
1089 3832 1136 3883 al-

76 3917 226 3984 guitstem,
245 3915 278 3964 A.
292 3916 326 3964 U.
347 3912 411 3982 741,
430 3915 457 3964 iu
475 3912 586 3964 alterum
631 3921 717 3959 terum
733 3908 867 3959 consulari
886 3926 945 3958 eum
964 3910 1074 3978 imperio
1093 3909 1135 3963 lu-

76 3989 493 4065 quiuqueuuium,utDin,'LlV,
504 3991 550 4055 28,
559 3987 586 4040 id
632 4000 714 4039 strum
728 4006 890 4057 censumque
901 3987 1049 4057 salussam,
1067 3991 1136 4042 Cen·

77 4069 151 4140 q'uod
171 4072 318 4124 Suetonius
335 4066 440 4121 silentio
454 4071 587 4121 transiisse
633 4070 722 4120 sorino
735 4082 761 4120 et
774 4070 863 4119 Asinio
876 4070 935 4119 Cos.
948 4067 994 4137 (A.
1008 4072 1039 4120 U.
1055 4072 1136 4143 746),

75 4147 193 4216 videtur,
202 4151 332 4220 quonium
345 4149 461 4218 Agrippa
468 4149 588 4219 proximo
634 4165 686 4219 quo
701 4147 783 4199 lustro
801 4165 879 4200 oense
895 4161 957 4199 sunt
970 4150 1066 4201 civium
1086 4153 1136 4200 Ro-

77 4245 149 4280 anno
159 4228 247 4287 obiit;
257 4239 282 4278 et
294 4229 324 4278 A.
335 4229 367 4278 U.
379 4225 430 4294 748
440 4227 588 4292 Tiberium,
634 4245 771 4278 manorum
786 4229 874 4298 capita
890 4226 1065 4298 quadragiens
1077 4247 1140 4280 cerr·

176 4319 207 4382 l.
954 4323 992 4400 ¹4
