2982 5116
357 577 422 655 ast
726 578 762 640 C.
788 577 1019 644 SUETONll

356 715 468 768 aestate
482 703 617 780 mansit,
637 703 788 794 quamvis
804 725 924 794 parum
940 699 1107 768 salubrem
1123 698 1303 768 valetudini
1320 723 1388 768 sua

356 808 481 878 Urbem
491 809 600 878 hieme
612 813 829 902 experiretur,
841 811 1060 906 assidueque⁷
1071 813 1104 878 in
1119 807 1207 878 Urbe
1218 808 1386 878 hiemaret.

355 917 532 1012 Siquando
542 918 621 1013 quid
633 934 775 1000 secreto,
786 935 843 986 aut
853 923 924 986 sine
934 918 1198 1012 interpellatione
1209 941 1389 1010 agerepro-

355 1032 538 1122 posuisset,
556 1045 626 1096 erat
643 1029 690 1096 illi
707 1029 799 1098 locus
815 1034 850 1098 iu
870 1029 958 1098 edito
976 1029 1168 1122 singularis,
1184 1053 1286 1122 quem
1298 1028 1390 1118 Syru·

355 1139 463 1206 cusas⁸
481 1156 514 1206 et
530 1144 667 1218 τιχνόφνον
684 1139 838 1208 vocabat:
862 1139 929 1206 buc
942 1139 1119 1222 transibat,
1135 1141 1239 1206 autin
1251 1134 1389 1229 alicujus

355 1245 549 1316 libertorum
561 1247 807 1334 suburbanum,
820 1273 907 1340 aeger
919 1267 1032 1318 autem
1041 1253 1077 1316 in
1088 1247 1189 1318 domo
1200 1249 1388 1316 Maecenatis

353 1355 506 1424 cubabat.
522 1361 571 1424 Ex
589 1359 773 1426 secessibus
788 1363 956 1452 praecipue
975 1361 1197 1454 frequentavit
1209 1359 1388 1437 maritima,

354 1466 547 1561 insulasque
563 1470 767 1560 Campaniae,
782 1485 841 1536 aut
858 1473 1011 1562 proxima
1027 1468 1108 1539 Urbi
1127 1467 1266 1562 oppida,
1285 1471 1389 1534 lanu

354 1579 461 1660 vium,
472 1583 638 1648 Praeneste
648 1634 656 1662 ,
666 1578 772 1647 Tibur
784 1607 791 1645 :
803 1579 859 1650 ubi
872 1585 1014 1650 etiamin
1026 1581 1229 1675 porticibus⁹
1241 1579 1389 1648 Herculis

354 1685 468 1779 templi
490 1713 639 1782 persaepe
654 1687 711 1780 jus
730 1688 821 1758 dixit.
847 1690 966 1783 Ampla
987 1709 1020 1757 et
1045 1691 1388 1782 operosa¹⁰p1aetoris

354 1797 562 1886 gravabatur.
581 1803 623 1865 Et
639 1802 747 1891 neptis
765 1797 901 1892 quidem
920 1822 989 1867 suae
1003 1799 1117 1881 Juliae,
1133 1800 1272 1892 profuse
1292 1799 1335 1866 ab
1354 1823 1389 1866 ea

354 1925 536 1991 exstructa,
552 1913 651 1976 etiam
662 1908 765 1976 diruit
775 1909 818 1977 ad
830 1908 958 1977 solum:
975 1934 1036 1978 sua
1049 1933 1145 1989 vero,
1159 1911 1315 2002 quamvis
1326 1931 1388 1976 mo

353 2014 445 2096 dica,
457 2041 525 2082 non
537 2033 605 2084 tam
615 2033 800 2086 statuarum
812 2018 1069 2112 tabularumque
1078 2022 1246 2113 pictarum
1257 2035 1386 2100 ornam,

353 2151 455 2219 quam
469 2131 573 2220 xystis
583 2137 604 2165 ¹¹
621 2145 656 2196 et
668 2131 860 2200 nemoribus
876 2131 1033 2214 excoluit,
1047 2131 1216 2225 rebusque
1230 2147 1387 2200 vetustate

352 2261 392 2302 ac
412 2239 544 2304 raritate
569 2239 789 2308 notabilibus:
809 2241 920 2334 qualia
940 2258 1020 2310 sunt
1037 2244 1173 2334 Capreis
1196 2244 1389 2308 immanium

353 2344 539 2416 heUuarum
553 2348 767 2444 ferarumque
781 2351 931 2418 membra
945 2349 1169 2446 praegrandia,
1185 2375 1264 2448 quae
1281 2350 1391 2419 dicun*

352 2471 408 2521 tur
419 2457 592 2546 Gipuntum
605 2483 690 2542 ossa,
705 2476 739 2526 et
752 2485 839 2528 armo
854 2464 1002 2528 Heroum.

388 2683 412 2736 7.
432 2668 588 2742 Assidueque
597 2672 624 2721 irs
637 2671 702 2722 Urbe
712 2670 850 2732 hiemaret:
893 2692 942 2744 pro
951 2676 978 2724 in
988 2673 1054 2726 Urbe
1061 2671 1203 2743 legendum
1213 2672 1289 2723 inibi.
1298 2670 1325 2723 Si
1333 2667 1392 2742 quid·

352 2743 379 2796 id
395 2759 450 2812 est,
469 2750 585 2818 quamvis
601 2767 693 2800 omnes
707 2748 805 2801 hiemes
824 2752 849 2801 in
895 2750 1049 2803 mutandum
1065 2749 1208 2816 videretur,
1222 2748 1296 2820 quod
1309 2764 1389 2817 neque

353 2824 422 2876 Urbs
444 2829 617 2897 transigeret,
644 2848 727 2901 eaque
748 2831 851 2883 valetu—
895 2829 992 2880 Wollio
1004 2830 1118 2901 placuit,
1131 2830 1259 2900 legerem,
1272 2839 1389 2900 etquen-

352 2901 407 2952 dini
421 2922 473 2954 suae
483 2923 576 2973 parum
585 2906 701 2974 salubri,
716 2921 804 2960 tamen
818 2927 851 2960 ne
896 2909 969 2960 tris...
989 2909 1153 2977 experiretur,
1167 2907 1269 2964 auidus
1283 2908 1311 2958 t'n
1329 2904 1391 2958 Urbe

353 2978 505 3031 cubiculum
527 2984 636 3054 quidem
659 2989 778 3038 mutarit.
801 2986 852 3038 dlii
895 2986 1026 3038 hiemavit.

353 3056 435 3110 aliter.
455 3061 577 3114 Erasmus
597 3061 721 3118 hiemaret
737 3065 852 3136 explica·
931 3061 1390 3137 8.Syrucusas.VelArehimedisdiae·

352 3137 406 3200 vit,
425 3159 436 3183 s
449 3138 617 3192 incommodo
636 3143 729 3196 hiemis
748 3144 850 3215 afflige·
894 3158 948 3196 tam
958 3148 1102 3216 respexisse
1112 3146 1278 3210 existimant,
1289 3142 1330 3196 rel
1339 3160 1390 3192 om-

354 3227 466 3276 ῐθῑΰΐί·
482 3217 611 3284 Gravius,
628 3244 639 3266 s
651 3225 767 3293 quamvis
785 3225 851 3276 assi·
895 3225 974 3289 uino,
995 3223 1067 3295 quod
1086 3226 1167 3295 magis
1186 3223 1294 3294 placet,
1314 3239 1390 3294 quum

354 3295 405 3346 due
422 3298 449 3348 iu
465 3295 536 3349 Urbe
553 3311 735 3370 spurca'esset
751 3316 852 3374 tempe·
895 3301 994 3354 nullam
1010 3305 1123 3374 Augusti
1138 3317 1164 3356 et
1180 3301 1345 3356 Archimedis
1357 3302 1390 3350 vi·

250 3416 254 3424 .
354 3389 406 3427 stas
425 3376 469 3446 (ut
483 3377 621 3431 Columell.
637 3383 688 3442 Xl,
710 3400 740 3449 a,
755 3382 852 3435 hiemat
896 3380 972 3433 deam
984 3381 1194 3446 similitudinem,
1206 3401 1310 3433 morem
1321 3383 1392 3452 Sym·

354 3466 379 3505 et
394 3454 519 3525 pluit);s
544 3477 595 3528 qua
615 3473 701 3512 tamen
723 3464 852 3532 interpre·
895 3479 1069 3526 cusanorum,
1079 3460 1230 3514 exstruendi
1240 3461 1267 3512 iu
1278 3459 1346 3512 edito
1356 3457 1391 3510 lo-

354 3533 454 3585 tatioue
472 3549 566 3605 postea
584 3552 743 3604 retractate,
764 3539 852 3592 locum
896 3560 926 3592 ca
942 3541 1071 3610 ejusmodi
1083 3539 1235 3610 singularia.
1249 3539 1316 3592 Vide
1327 3539 1390 3590 Cor·

354 3614 389 3664 ita
400 3617 550 3666 constitnit:
565 3621 701 3688 :quamvis
712 3639 802 3690 parum
814 3639 853 3672 sa·
896 3621 949 3672 nel.
961 3622 1029 3691 Nep.
1042 3621 1119 3674 Dion.
1132 3639 1157 3690 9.

354 3691 673 3748 lubremvaletudinisute
687 3699 794 3750 hiemem
808 3718 852 3751 ex·
931 3717 956 3768 9.
980 3699 1029 3751 Ubi
1042 3700 1120 3752 etiam
1135 3698 1162 3749 in
1174 3698 1316 3769 porticibus
1326 3695 1392 3747 Her·

354 3775 492 3841 periretur,
506 3775 664 3848 assidueque
675 3780 701 3828 in
718 3779 786 3831 Urbe
801 3779 853 3830 hie-
895 3776 962 3830 culis
972 3779 1063 3849 templi
1067 3801 1076 3838 ,-
1089 3779 1172 3831 Tibur
1181 3779 1251 3828 enim
1262 3775 1323 3827 urbs
1332 3777 1393 3826 Her·

355 3866 445 3903 maret.
457 3878 468 3899 n
488 3856 636 3906 Gronovius
651 3857 851 3921 emendatione,
896 3854 948 3906 culi
958 3875 1040 3908 sacra.
1051 3856 1131 3928 Calig.
1146 3857 1170 3908 8.
1183 3855 1298 3906 Martial.
1310 3857 1334 3920 1,
1349 3853 1393 3916 13,

355 3947 434 3999 quam
448 3935 551 3985 nonnisi
563 3935 642 3987 docta
653 3938 768 3988 inventio
779 3956 852 3987 com·
900 3954 910 3977 ι
922 3933 1042 3985 Herculei
1054 3934 1161 3986 Tiburis
1173 3950 1256 3984 arces.
1268 3956 1279 3978 ι

355 4009 529 4075 mandaverit,
541 4032 591 4083 pro
604 4016 630 4065 iu
647 4015 725 4080 Urbe,
738 4013 789 4084 legi
800 4033 852 4066 ma·
936 4031 975 4066 ιο.
995 4015 1133 4074 Praetoria,·
1146 4013 1229 4066 villas.

355 4086 403 4138 luit
429 4091 566 4156 muccide,
593 4093 742 4165 probatque
769 4095 852 4145 Erne—
935 4111 974 4145 ιι.
993 4095 1095 4164 Xystis;
1111 4093 1273 4164 porticibus,
1289 4088 1320 4142 ad
1337 4108 1393 4140 aut-

356 4167 428 4217 stius.
443 4169 616 4244 Oudendorp.
636 4174 720 4225 hieme
737 4191 797 4225 cum
819 4173 853 4226 al·
895 4173 1059 4228 bulationem
1069 4187 1094 4227 et
1102 4173 1345 4226 confabulationem
1353 4189 1394 4222 ex-

357 4258 411 4298 tero
431 4246 527 4300 Codice
544 4251 701 4319 ejiciendum
720 4264 813 4322 putat,
827 4265 852 4304 et
896 4254 1008 4306 structis.

859 4427 881 4470 h
