3122 5134
403 488 440 554 16
771 491 806 554 C.
832 490 1066 556 SUETONll

395 615 473 682 data
490 617 547 698 sit,
562 631 786 708 pactumque,
801 631 841 680 ut
856 611 957 680 simul
971 613 1052 681 foris
1068 610 1144 693 ille,
1162 614 1233 704 ipse
1249 615 1382 694 Romte,
1397 611 1440 678 ad
1540 693 1541 696 Ἴ

395 747 449 790 res
470 747 573 791 novas
592 740 852 814 consurgerent,
873 746 934 816 per
955 721 1160 790 ”ambronas
1179 736 1213 788 et
1229 719 1441 814 transpada-

397 857 475 902 nos:
491 831 690 908 destitutum
702 836 880 929 utriusque
895 833 1073 902 consilium
1086 847 1195 900 morte
1209 833 1349 900 Pisonis.

442 949 481 1010 X.
507 942 638 1026 AEdilis,
653 959 776 1036 praeter
788 945 969 1012 Comitium
981 967 1021 1010 ac
1032 949 1169 1025 Forum,
1185 939 1439 1035 ¹basilioasque,

396 1059 497 1124 etiam
510 1055 712 1148 Capitolium
724 1060 875 1138 ornavit,
891 1055 1075 1148 porticibus
1094 1053 1139 1122 ad
1161 1071 1293 1146 tempus
1313 1069 1442 1121 exstru-

395 1168 476 1246 ctis,
491 1169 526 1232 in
541 1165 683 1260 quibus,
697 1165 892 1234 abundante
907 1191 1022 1236 rerum
1036 1169 1150 1258 copia,
1166 1187 1245 1257 pars
1259 1179 1441 1256 apparatus

396 1295 630 1368 exponeretur.
655 1281 879 1346 ²Venationes
900 1279 1014 1346 alitem
1034 1276 1202 1372 ludosque
1222 1293 1256 1343 et
1276 1299 1355 1342 cum
1375 1274 1442 1342 col-

395 1386 489 1478 lega,
509 1405 543 1454 et
563 1391 760 1481 separatim,
778 1388 901 1456 edidit:
922 1414 990 1484 quo
1009 1388 1135 1456 factum
1153 1403 1220 1470 est,
1238 1400 1276 1452 ut
1292 1409 1442 1452 commu-

395 1499 489 1564 nium
513 1522 649 1592 quoque
670 1500 901 1591 impensarum
924 1497 1016 1566 solus
1042 1499 1184 1590 gratiam
1203 1510 1359 1588 caperet,
1381 1517 1442 1561 neo

395 1608 623 1677 dissimularet
631 1608 760 1700 collega
772 1609 845 1702 ejus
860 1615 906 1676 M.
924 1609 1079 1692 Bibulus,
1093 1609 1243 1676 evenisse
1256 1606 1336 1686 sibi,
1350 1603 1441 1700 quod

399 1831 445 1884 19:
458 1828 573 1883 «postca
584 1817 642 1866 Piso
655 1818 682 1868 in
693 1818 839 1869 citeriorem
852 1819 897 1868 Hi·
941 1819 1019 1869 stiani
1033 1833 1122 1868 sacras
1135 1812 1202 1866 edes
1218 1825 1365 1878 vocarunt,
1380 1823 1441 1863 tem·

395 1892 515 1962 spaniam
527 1892 648 1957 Quaestor
659 1911 708 1964 pro
719 1897 828 1946 Praetorc
840 1896 897 1946 mis·
938 1897 981 1970 pli
993 1895 1196 1968 appellationem
1207 1907 1238 1946 ut
1248 1893 1391 1964 profanam
1401 1892 1440 1943 fu·

395 1971 896 2046 susest(ideetextraordinem5vulgo
940 1980 1050 2048 gientes.
1071 2003 1107 2014 -
1129 1973 1254 2034 Omeoitr
1275 1971 1441 2038 tabularum,

395 2053 465 2103 enim
475 2051 622 2118 Quiestores
634 2071 694 2105 cum
704 2053 860 2106 P'rsetorihus
870 2068 896 2105 et
941 2071 1087 2109 statuarum
1095 2054 1200 2126 alioque
1207 2066 1353 2126 apparatu,
1364 2070 1441 2124 quem

395 2129 601 2182 Proconsulibus
608 2134 757 2201 provincias
766 2131 896 2202 adibant.)
940 2153 1131 2206 nonnunquam
1142 2131 1238 2185 AEtdiles
1251 2150 1267 2183 a
1279 2131 1358 2183 sociis
1369 2148 1441 2182 com·

396 2210 531 2260 annitente
543 2208 651 2276 Crasso,
667 2210 739 2282 quotl
754 2231 814 2264 eum
828 2209 896 2263 infe·
939 2215 1076 2267 nodatum
1091 2225 1154 2284 post
1168 2209 1246 2262 ludos
1260 2207 1440 2261 reddiderunt.

395 2300 465 2339 stum
483 2287 618 2338 inimicum
638 2289 686 2340 Cn.
703 2291 828 2361 Pompeio
848 2307 896 2340 co·
939 2295 993 2348 cic,
1006 2291 1181 2356 Verr.1V‚3,
1194 2289 1331 2342 ubietiam
1346 2289 1441 2342 Forum

395 2379 553 2436 guonem.-
570 2367 688 2420 Periitin
703 2371 809 2435 itinere,
823 2371 895 2420 occi·
940 2385 1075 2440 emtum,
1096 2385 1126 2424 ut
1146 2383 1217 2424 totas
1236 2370 1347 2420 omnino
1369 2368 1441 2419 locus

396 2463 440 2497 sua
452 2443 486 2496 ab
497 2444 630 2516 equitibus
640 2448 776 2519 Hispanis,
790 2467 856 2518 quos
868 2449 896 2498 in
940 2463 1061 2504 nostrum
1078 2448 1200 2502 illustret.
1217 2443 1379 2500 Ornenrlnm
1391 2445 1442 2496 Fo-

396 2525 513 2575 exercitu
534 2520 669 2577 ductabat.
691 2524 795 2577 Sallust.
814 2526 831 2577 l.
854 2544 894 2588 c.;
939 2547 996 2580 rum
1007 2529 1177 2580 instituerunt
1187 2522 1283 2577 AEdiles
1293 2537 1356 2594 post
1366 2525 1443 2578 victo·

395 2601 451 2653 Cic.
464 2605 540 2654 Vere.
554 2604 599 2668 tV,
615 2601 656 2656 25.
939 2607 1005 2658 riam
1025 2603 1059 2656 de
1080 2601 1253 2667 Samnitibus,
1273 2602 1306 2652 A.
1326 2602 1361 2652 U.
1383 2599 1440 2668 444.

431 2683 456 2734 8.
464 2683 616 2736 Ambrossos.
624 2686 663 2735 lta
670 2682 764 2736 suadet
770 2680 893 2737 Oudend.
939 2685 1041 2750 Livius,
1054 2685 1104 2751 lX,
1118 2685 1162 2751 4ο.
1175 2710 1212 2722 -
1227 2680 1389 2732 Abundanre
1404 2697 1441 2730 re·

393 2779 450 2811 non
462 2763 517 2812 sine
529 2763 600 2814 MSS.
615 2765 660 2833 qui
674 2761 773 2814 habent
787 2763 896 2815 Ambro·
940 2783 996 2816 nrm
1011 2763 1100 2836 copia,
1116 2781 1182 2835 quae
1195 2760 1230 2812 nd
1243 2771 1370 2812 ornatum
1383 2759 1441 2810 Fosi

396 2857 447 2891 nes.
469 2837 536 2904 Alii,
553 2841 711 2905 Ambrossos,
735 2842 894 2908 Umbrenos,
941 2856 1137 2914 congesserat,
1167 2841 1283 2913 porticus
1311 2839 1346 2891 ad
1375 2853 1441 2892 tesn-

396 2915 540 2981 abranus,
558 2916 728 2986 humbranos,
747 2918 780 2972 de
799 2919 895 2990 quibua
940 2940 991 2995 pus
1010 2924 1154 2988 exstruxit,
1174 2922 1201 2972 in
1222 2918 1319 2990 quibus
1338 2933 1441 2990 partem

394 2995 461 3048 nihil
474 3009 586 3049 constat.
600 2999 740 3051 Ambrones
752 3012 827 3050 erant
839 2999 897 3052 reli·
941 3012 1085 3072 apparatus
1096 2999 1274 3071 spectantium
1285 2995 1374 3050 oculis
1383 2995 1442 3050 sub·

396 3073 897 3148 quiaelatrooinantiumGellorum,quos
939 3079 1041 3147 jiceret.

395 3151 712 3226 Mariustleleverat.Epit.
719 3157 896 3220 [tv.vat11;
978 3174 1001 3207 a.
1020 3157 1183 3212 Verturiones.
1194 3155 1442 3218 Devenationibns,

395 3235 505 3304 Eutrop.
516 3235 550 3296 V,
567 3249 588 3295 ¹3
599 3233 675 3285 Oros.
687 3235 719 3300 V,
735 3234 774 3285 16.
787 3235 825 3286 Ex
837 3235 897 3286 Plu·
942 3253 999 3306 qaas
1014 3232 1086 3286 lutlis
1099 3234 1267 3287 Circensibus
1279 3231 1443 3286 exhibeban-

395 3310 502 3377 tarcho,
512 3312 577 3362 Mar.
591 3329 649 3382 cap.
664 3328 708 3379 19,
719 3311 787 3364 idern
800 3315 895 3366 nomen
941 3325 994 3382 tnr,
1008 3326 1033 3364 et
1047 3314 1074 3364 in
1089 3313 1184 3384 quibus
1197 3313 1239 3366 vel
1253 3313 1314 3364 fera
1328 3330 1393 3364 oum
1405 3312 1444 3363 ie-

395 3390 430 3444 ad
450 3391 557 3460 Ligures
576 3391 654 3441 etiam
675 3388 710 3441 ob
729 3409 895 3443 communem
940 3389 1040 3454 ria‚vel
1050 3390 1139 3443 bestie
1151 3389 1391 3458 cumhominihtts‚
1403 3391 1444 3442 bc·

395 3470 524 3540 originem
533 3467 687 3539 pertinuisse
695 3467 896 3522 videtum-De
940 3471 1034 3524 ttius-iis
1046 3470 1107 3522 inde
1123 3469 1214 3537 (lictis,
1228 3472 1359 3523 committi
1373 3470 1444 3523 sole-

397 3546 601 3619 Transpadanis,
612 3546 672 3599 vide
687 3566 784 3619 supra,
796 3565 856 3619 cap.
870 3549 894 3602 8.
941 3548 1018 3616 bant,
1029 3549 1102 3601 conl.
1110 3549 1232 3621 Onuphr.
1243 3549 1401 3616 Panvinius,
1410 3546 1444 3598 de

429 3631 463 3681 X.
476 3645 497 3680 t.
506 3626 623 3680 Basilica
628 3645 740 3698 ,·magna
747 3642 772 3678 et
780 3626 896 3697 oblonga
940 3628 1008 3680 Lod.
1023 3630 1089 3681 Circ.
1101 3629 1140 3692 ll,
1152 3627 1181 3694 3,
1195 3627 1443 3697 (desecationibus

394 3707 518 3774 edificia,
528 3706 709 3760 columnarum
716 3705 856 3758 ordinibus
864 3725 894 3758 ac
940 3725 956 3758 a
971 3707 1073 3760 Caesare
1087 3705 1227 3774 exhibitis,
1244 3725 1305 3779 pag.
1319 3707 1375 3774 384
1388 3725 1442 3778 seq.

395 3789 541 3860 porticibus
555 3801 664 3854 ornata,
677 3789 703 3838 in
715 3789 799 3853 Foro,
811 3800 838 3838 et
850 3805 896 3839 un·
940 3798 1003 3836 tom.
1014 3783 1133 3837 lXThcs.
1142 3785 1401 3856 Grtev.);Bulenger.
1410 3783 1443 3836 de

396 3867 475 3938 (lique
497 3881 596 3941 aperta.
616 3865 657 3920 Ad
679 3885 709 3918 ea
728 3865 895 3918 confluebant
939 3865 1085 3917 Venetione
1097 3867 1167 3918 Circi
1185 3878 1212 3918 et
1230 3865 1443 3938 Amphitheatri,

396 3943 895 4016 negotiantesetoausidici,quiqueom·
940 3941 1033 4012 (Thes.
1053 3942 1124 3994 dicto
1139 3943 1189 3995 vol.
1211 3961 1271 4016 pag.
1292 3943 1343 4013 749
1360 3941 1440 4014 seq.).

397 4039 443 4072 nes
464 4041 556 4076 causas
580 4021 730 4076 tractandas
750 4019 894 4074 habebant.
940 4021 1442 4094 -Ludosque5soenicosrvideinfra‚

396 4102 485 4152 Romte
499 4104 600 4155 circiter
612 4105 701 4174 viginti
715 4115 790 4154 erant
804 4101 896 4153 basili·
942 4119 1000 4170 oap.
1014 4099 1061 4170 39,
1073 4115 1099 4152 et
1110 4101 1199 4154 Tiber.
1211 4101 1259 4167 34,
1272 4097 1343 4154 unde
1354 4099 1444 4152 histri·

397 4197 450 4246 ca,
468 4198 520 4250 qno
541 4185 646 4234 nomine
666 4180 802 4253 quondam
822 4179 896 4231 Chri·
942 4199 1006 4232 ones
1023 4179 1096 4232 ludii.
