3040 5118
372 528 533 596 OCTAV.
557 529 821 598 AUGUSTUS.
1051 536 1113 603 301

89 676 198 734 rosum;
219 651 270 718 et⁵
290 654 402 746 vopida
418 679 449 720 se
468 653 594 738 liobae,
614 679 676 748 pro
696 655 801 740 male3
824 655 877 724 et⁶
895 660 1040 742 betizore,
1055 685 1118 753 pro

88 761 255 855 languere,
267 764 357 860 quod
370 763 471 856 vulgo
485 765 680 834 lacbooizore
690 765 828 851 dicitur;
840 770 919 837 item
931 774 1042 855 simas,
1055 795 1118 864 pro

88 897 213 961 sumus3
228 892 261 944 et
273 877 378 944 domos
390 880 534 969 genitivo
546 901 627 948 casu
645 877 820 970 singulari,
835 904 898 974 pro
916 882 1041 966 domm,-
1055 905 1119 951 uec

87 1009 227 1081 unquam
246 987 342 1055 aliter
360 986 433 1056 haec
453 987 538 1072 duo,
557 992 694 1084 nequis
715 989 873 1058 mendam
891 996 997 1084 magis
1016 1017 1119 1087 quam

86 1097 353 1166 consuetudinem
371 1114 476 1191 putet.
492 1103 610 1168 Notavi
628 1118 661 1168 et
682 1103 716 1167 in
734 1099 957 1195 chirographo
973 1100 1046 1196 ejus
1061 1103 1120 1171 illa

84 1208 263 1300 praecipue:
279 1232 349 1274 non
368 1205 485 1277 dividit
499 1210 621 1292 verba,
638 1233 700 1278 nec
715 1210 758 1277 ab
777 1225 925 1279 extrema
936 1229 1030 1305 parte
1047 1237 1119 1281 ver·

85 1338 176 1384 suum
186 1317 398 1386 abundantes
410 1319 521 1388 literas
534 1323 567 1388 in
579 1318 723 1388 alterum
735 1322 910 1405 transfert,
923 1321 983 1390 sed
995 1320 1119 1392 ibidem
1217 1369 1220 1377 ι

84 1429 187 1494 statim
199 1427 350 1522 subjicit⁷
362 1428 657 1524 circumducitque.

125 1539 330 1606 LXXXVIII.
356 1537 656 1630 orthographiam,
675 1534 729 1604 id¹
753 1553 803 1605 est
822 1537 1001 1606 formulam
1022 1542 1119 1607 ratio·

83 1669 219 1744 nemque
232 1648 399 1717 scribendi
411 1674 431 1716 a
441 1652 663 1742 grammaticis
675 1651 876 1731 institutam,
887 1671 955 1718 non
966 1649 1051 1718 adeo
1063 1675 1120 1719 cu·

84 1757 204 1842 stodiit3
225 1783 266 1826 ac
286 1759 418 1828 videtur
439 1783 556 1827 eorum
578 1761 689 1851 potius
711 1762 806 1853 sequi
828 1763 1035 1852 opinionem,
1058 1764 1120 1856 qui

81 1869 213 1960 perinde
225 1870 456 1954 scribendum,
467 1896 507 1939 ac
515 1871 706 1966 loquamur,
720 1872 918 1939 existiment.
932 1877 1016 1939 Nam
1027 1869 1119 1966 quod

82 1999 163 2070 sape
180 2003 251 2046 non
269 1978 380 2048 literas
394 1978 510 2062 modo,
529 1978 588 2047 sed
607 1977 768 2072 syllabas,
783 1994 843 2046 aut
859 1995 1044 2074 permutat,
1060 1997 1119 2048 aut

82 2093 237 2179 preterit,
252 2095 441 2159 communis
453 2091 629 2159 hominum
641 2113 735 2157 error
749 2108 809 2158 est.
825 2096 894 2158 Nec
906 2114 968 2183 ego
979 2093 1014 2159 id
1028 2109 1121 2160 nota-

82 2203 238 2282 rem‚nisi
250 2201 466 2268 mihimirum
478 2199 660 2280 videretur,
672 2196 847 2267 tradidisse
855 2199 1119 2295 aliquos,legato

83 2332 153 2380 eum
172 2313 341 2382 consulari
362 2335 589 2380 suscessorem
604 2308 755 2391 dedisse,
770 2326 810 2377 ut
824 2309 900 2378 rudi
916 2326 949 2377 et
964 2312 1118 2395 indocto,

113 2471 136 2526 5.
156 2467 274 2548 Vopide,·
294 2497 310 2530 a
328 2496 433 2548 vapore,
452 2479 469 2528 i.
490 2495 513 2528 e.
533 2476 574 2528 vel
619 2473 719 2527 indicat
735 2472 770 2525 ad
785 2493 845 2526 eum
859 2493 964 2526 versum
978 2479 1119 2547 pertinere.

81 2551 167 2604 morbo
176 2555 337 2622 ardentiori,
347 2555 387 2607 vel
399 2569 463 2607 aestu
473 2567 574 2626 tempe·
653 2551 813 2603 Lxxxvrtt.
832 2568 855 2602 1.
869 2552 902 2603 Id
915 2563 1000 2606 est...
1015 2553 1119 2606 iustitu-

82 2631 159 2686 ttatis.
168 2631 219 2684 Alii
228 2631 366 2684 deducunt
376 2651 391 2684 a
402 2650 499 2704 vappa,
511 2649 575 2702 quo·
619 2645 681 2686 tom.
691 2635 747 2684 Hoc
756 2630 1119 2703 additamentum,glossatori

81 2711 146 2761 niam
163 2713 254 2764 Horat.
275 2711 329 2764 Sat.
344 2713 368 2778 l,
386 2729 409 2776 r,
424 2711 488 2777 104,
507 2727 574 2761 oon·
619 2714 729 2762 aBurm.
741 2709 882 2776 tributum,
892 2710 1006 2762 vindicat
1016 2714 1118 2764 Ernest.

77 2790 158 2861 jungit
171 2811 284 2866 vappam
297 2811 327 2844 ao
342 2791 503 2844 nebulonem.
518 2791 573 2846 Va·
619 2790 654 2841 ob
662 2793 802 2859 majorem,
812 2807 891 2860 quam
900 2807 956 2860 qua
964 2790 1119 2860 glossatoris

78 2869 162 2936 pidum
178 2883 267 2943 peetus
283 2869 347 2922 dicit
362 2872 441 2922 etiam
454 2871 573 2934 Persius,
618 2867 748 2936 videatur,
758 2868 928 2940 elegantiam,
940 2868 1035 2922 deinde
1046 2870 1119 2942 quod

80 2945 128 3000 Sat.
140 2949 170 3016 V,
187 2967 245 3020 ¹¹7·
619 2968 674 3000 non
694 2950 829 3020 quamvis,
847 2947 894 3000 sed
907 2952 1118 3020 a-grrammatieis

110 3027 134 3079 6.
148 3031 183 3082 Et
195 3031 320 3091 oetizare‚·
329 3030 440 3080 fortasse
450 3026 573 3080 inductus
618 3025 723 3078 demum
730 3029 897 3078 constitutam
904 3025 1119 3100 orthographiam

81 3103 198 3161 obscoeuo
216 3127 294 3162 versu
316 3105 411 3160 Catull.
430 3107 508 3174 LXV,
530 3123 571 3160 at.
618 3107 822 3178 interpretatur,
847 3105 968 3178 adeoque
992 3127 1045 3161 non
1069 3127 1118 3180 pro

79 3181 174 3256 Verba,
196 3187 293 3262 equod
312 3188 391 3258 vulgo
411 3187 574 3240 laebanizare
618 3189 752 3238 eommuni
767 3185 856 3258 aliqua
869 3186 1037 3256 delinitione,
1052 3208 1119 3262 qua-

80 3261 196 3328 dieitur,=
220 3271 377 3339 impugnata
391 3265 423 3317 ab
437 3267 572 3340 Ernestio,
618 3263 1118 3338 lesemarginenonnunquamintex-

80 3344 144 3413 quod
158 3345 230 3399 nulla
244 3347 324 3416 hujus
334 3364 397 3398 usus
409 3347 515 3414 vestigia
529 3364 572 3397 re·
618 3355 673 3394 tum
693 3344 871 3413 irrepserunt,
889 3343 1043 3398 habendum
1061 3359 1117 3413 est,

78 3425 218 3492 pariuntur,
236 3429 298 3496 jure
316 3423 435 3476 defendit
455 3424 572 3476 Bremius
618 3420 732 3493 denique
755 3421 828 3493 qnod
846 3425 915 3474 mori
938 3425 1056 3476 Suetonii
1078 3439 1118 3478 ta-

79 3518 107 3551 ex
117 3517 202 3556 nostra
212 3503 309 3574 linguae
319 3503 466 3554 eommunis
478 3503 572 3554 Roma·
618 3498 654 3551 les
665 3501 853 3571 explicationes
862 3501 976 3555 addendi
985 3507 1116 3558 convenit.

79 3596 166 3632 norum
185 3581 348 3652 ignorantia.
370 3579 509 3645 Ceterum,
530 3577 573 3631 alii
617 3578 689 3630 ldem
704 3598 765 3630 curn
775 3579 899 3631 Oudend.
913 3583 1021 3634 eristodr't
1035 3601 1066 3634 ex
1078 3581 1118 3634 al·

78 3657 149 3710 scribi
161 3658 312 3712 maluerunt
322 3659 438 3710 betissare
447 3671 472 3710 et
485 3655 573 3708 locha·
617 3670 674 3710 tero
682 3657 748 3709 cod.
760 3657 842 3710 edidit
850 3677 899 3730 pro
909 3661 1037 3726 custodiit,
1044 3660 1118 3732 quod

78 3736 179 3805 tiuare,
200 3738 329 3811 quoniam
342 3737 444 3788 literam
461 3755 473 3786 z
488 3755 537 3807 pro
551 3753 573 3789 tt
616 3755 665 3807 per
687 3747 772 3788 totum
790 3749 871 3808 eaput
891 3739 1014 3808 praesenti
1034 3740 1118 3792 utitur

77 3813 133 3868 iude
145 3817 178 3868 ab
192 3819 307 3888 Augusti
323 3815 430 3868 demum
447 3815 572 3886 tempori·
617 3828 718 3868 auctor.
733 3815 873 3886 vulgatam
889 3815 1029 3868 lectionem
1048 3817 1117 3871 bene

77 3889 123 3945 bus
139 3913 154 3946 a
168 3895 296 3946 Romanis
311 3906 445 3964 receptam
459 3910 571 3963 egram·
616 3892 734 3947 defendit
747 3895 879 3946 Waltber.
897 3895 1006 3948 Observ.
1023 3915 1051 3967 p.
1068 3913 1116 3966 19,

77 3975 173 4026 usaticis
185 3987 301 4027 constat.
617 3972 689 4044 quod
700 3992 759 4044 cap.
774 3974 807 4040 84
820 3985 859 4024 est
870 3975 994 4039 exercuit,
1009 3989 1067 4044 sap.
1081 3973 1115 4027 85

109 4070 132 4124 7.
146 4055 196 4108 Sed
207 4053 272 4108 ibid.
284 4064 342 4106 stat.
354 4053 417 4122 salrj.
430 4050 571 4103 circumda·
616 4050 772 4123 composuit,
786 4068 809 4101 e.
823 4050 858 4102 86
868 4060 965 4102 serutm
975 4062 1024 4118 ert,-
1037 4064 1063 4103 et
1073 4071 1116 4105 se-

25 4177 26 4180 ,
77 4129 167 4202 aitque3
177 4134 227 4186 i.e.
239 4131 290 4185 sub
300 4130 476 4184 eodemrersu
488 4141 572 4182 eatre-
617 4134 725 4204 quentia
743 4149 758 4182 a
776 4130 878 4198 verbis,
895 4131 1050 4200 revidetur,
1066 4149 1115 4184 au·

78 4223 117 4258 uro
133 4210 238 4278 scribit,
259 4226 284 4263 et
301 4207 483 4261 circumducta
502 4207 571 4261 linea
617 4223 675 4262 etor
687 4229 717 4262 ex
730 4209 899 4281 autographis
911 4211 1022 4278 referat,
1033 4229 1114 4284 quare
