<?xml version="1.0" encoding="UTF-8"?>
<!DOCTYPE html PUBLIC "-//W3C//DTD XHTML 1.0 Transitional//EN"
    "http://www.w3.org/TR/xhtml1/DTD/xhtml1-transitional.dtd">
<html xmlns="http://www.w3.org/1999/xhtml" xml:lang="en" lang="en">
 <head>
  <title>
</title>
<meta http-equiv="Content-Type" content="text/html;charset=utf-8" />
  <meta name='ocr-system' content='tesseract 3.04.00' />
  <meta name='ocr-capabilities' content='ocr_page ocr_carea ocr_par ocr_line ocrx_word'/>
</head>
<body>
  <div class='ocr_page' id='page_1' title='image "./csuetoniitranqu02suetgoog_0080.png"; bbox 0 0 3122 5134; ppageno 0'>
   <div class='ocr_carea' id='block_1_1' title="bbox 385 506 1046 586">
    <p class='ocr_par' dir='ltr' id='par_1_1' title="bbox 385 506 1046 586">
     <span class='ocr_line' id='line_1_1' title="bbox 385 506 1046 586; baseline 0.002 -16"><span class='ocrx_word' id='word_1_1' title='bbox 385 509 422 586; x_wconf 71' lang='grc'>14</span> <span class='ocrx_word' id='word_1_2' title='bbox 753 509 788 571; x_wconf 92' lang='lat' dir='ltr'>C.</span> <span class='ocrx_word' id='word_1_3' title='bbox 815 506 1046 572; x_wconf 85' lang='lat' dir='ltr'>SUETONll</span> 
     </span>
    </p>
   </div>
   <div class='ocr_carea' id='block_1_2' title="bbox 371 631 1419 2055">
    <p class='ocr_par' dir='ltr' id='par_1_2' title="bbox 377 631 1418 1170">
     <span class='ocr_line' id='line_1_2' title="bbox 426 631 1414 725; baseline 0.002 -27"><span class='ocrx_word' id='word_1_4' title='bbox 426 637 515 698; x_wconf 82' lang='lat' dir='ltr'>Vlll.</span> <span class='ocrx_word' id='word_1_5' title='bbox 543 631 731 698; x_wconf 81' lang='lat' dir='ltr'>Deoedens&#39;</span> <span class='ocrx_word' id='word_1_6' title='bbox 749 655 830 724; x_wconf 69' lang='lat' dir='ltr'>ergo</span> <span class='ocrx_word' id='word_1_7' title='bbox 845 649 923 700; x_wconf 83' lang='lat' dir='ltr'>aute</span> <span class='ocrx_word' id='word_1_8' title='bbox 937 649 1088 725; x_wconf 80' lang='lat' dir='ltr'>tempus,</span> <span class='ocrx_word' id='word_1_9' title='bbox 1107 631 1254 700; x_wconf 77' lang='lat' dir='ltr'>colonias</span> <span class='ocrx_word' id='word_1_10' title='bbox 1268 636 1414 716; x_wconf 65' lang='lat' dir='ltr'>Latium,</span> 
     </span>
     <span class='ocr_line' id='line_1_3' title="bbox 377 743 1417 837; baseline 0.002 -25"><span class='ocrx_word' id='word_1_11' title='bbox 377 744 420 812; x_wconf 79' lang='lat' dir='ltr'>ele</span> <span class='ocrx_word' id='word_1_12' title='bbox 434 743 579 837; x_wconf 83' lang='lat' dir='ltr'>petesrda</span> <span class='ocrx_word' id='word_1_13' title='bbox 592 747 723 812; x_wconf 84' lang='lat' dir='ltr'>civitate</span> <span class='ocrx_word' id='word_1_14' title='bbox 734 749 917 837; x_wconf 72' lang='lat' dir='ltr'><strong>agitantes,</strong></span> <span class='ocrx_word' id='word_1_15' title='bbox 934 743 1033 813; x_wconf 85' lang='lat' dir='ltr'>adiit:</span> <span class='ocrx_word' id='word_1_16' title='bbox 1051 746 1140 814; x_wconf 88' lang='lat' dir='ltr'>etad</span> <span class='ocrx_word' id='word_1_17' title='bbox 1153 745 1349 814; x_wconf 85' lang='lat' dir='ltr'>audendum</span> <span class='ocrx_word' id='word_1_18' title='bbox 1362 747 1417 814; x_wconf 85' lang='lat' dir='ltr'>ali-</span> 
     </span>
     <span class='ocr_line' id='line_1_4' title="bbox 378 855 1417 950; baseline 0.002 -28"><span class='ocrx_word' id='word_1_19' title='bbox 378 855 461 950; x_wconf 87' lang='lat' dir='ltr'>quid</span> <span class='ocrx_word' id='word_1_20' title='bbox 481 857 695 939; x_wconf 72' lang='lat' dir='ltr'><strong>concitasset,</strong></span> <span class='ocrx_word' id='word_1_21' title='bbox 718 859 781 922; x_wconf 89' lang='lat' dir='ltr'>nisi</span> <span class='ocrx_word' id='word_1_22' title='bbox 804 855 968 924; x_wconf 80' lang='lat' dir='ltr'>Consules</span> <span class='ocrx_word' id='word_1_23' title='bbox 990 859 1197 949; x_wconf 82' lang='lat' dir='ltr'>conscriptas</span> <span class='ocrx_word' id='word_1_24' title='bbox 1216 860 1251 922; x_wconf 91' lang='lat' dir='ltr'>in</span> <span class='ocrx_word' id='word_1_25' title='bbox 1272 855 1417 924; x_wconf 69' lang='lat' dir='ltr'>Ciliciam</span> 
     </span>
     <span class='ocr_line' id='line_1_5' title="bbox 377 965 1418 1060; baseline 0 -26"><span class='ocrx_word' id='word_1_26' title='bbox 377 967 706 1060; x_wconf 75' lang='lat' dir='ltr'>legionespmrlisper</span> <span class='ocrx_word' id='word_1_27' title='bbox 715 965 802 1034; x_wconf 38' lang='lat' dir='ltr'>obrid</span> <span class='ocrx_word' id='word_1_28' title='bbox 815 970 927 1060; x_wconf 66' lang='grc'>1111111111</span> <span class='ocrx_word' id='word_1_29' title='bbox 939 969 1172 1053; x_wconf 62' lang='lat' dir='ltr'>retinuissem</span> <span class='ocrx_word' id='word_1_30' title='bbox 1186 991 1299 1036; x_wconf 86' lang='lat' dir='ltr'>neceo</span> <span class='ocrx_word' id='word_1_31' title='bbox 1312 971 1418 1036; x_wconf 72' lang='lat' dir='ltr'>secius</span> 
     </span>
     <span class='ocr_line' id='line_1_6' title="bbox 377 1075 966 1170; baseline 0.003 -26"><span class='ocrx_word' id='word_1_32' title='bbox 377 1075 505 1170; x_wconf 80' lang='lat' dir='ltr'>majora</span> <span class='ocrx_word' id='word_1_33' title='bbox 514 1103 594 1146; x_wconf 80' lang='lat' dir='ltr'>mox</span> <span class='ocrx_word' id='word_1_34' title='bbox 605 1082 641 1146; x_wconf 87' lang='lat' dir='ltr'>in</span> <span class='ocrx_word' id='word_1_35' title='bbox 653 1078 744 1146; x_wconf 85' lang='lat' dir='ltr'>Urbe</span> <span class='ocrx_word' id='word_1_36' title='bbox 755 1078 892 1148; x_wconf 89' lang='lat' dir='ltr'>molitus</span> <span class='ocrx_word' id='word_1_37' title='bbox 905 1097 966 1146; x_wconf 82' lang='lat' dir='ltr'>est.</span> 
     </span>
    </p>

    <p class='ocr_par' dir='ltr' id='par_1_3' title="bbox 371 1188 1419 2055">
     <span class='ocr_line' id='line_1_7' title="bbox 423 1188 1419 1284; baseline -0.001 -28"><span class='ocrx_word' id='word_1_38' title='bbox 423 1193 478 1256; x_wconf 86' lang='lat' dir='ltr'>lX.</span> <span class='ocrx_word' id='word_1_39' title='bbox 505 1188 675 1284; x_wconf 80' lang='lat' dir='ltr'>Siquidem</span> <span class='ocrx_word' id='word_1_40' title='bbox 691 1204 770 1256; x_wconf 82' lang='lat' dir='ltr'>ante</span> <span class='ocrx_word' id='word_1_41' title='bbox 786 1213 912 1281; x_wconf 76' lang='lat' dir='ltr'>paucos</span> <span class='ocrx_word' id='word_1_42' title='bbox 929 1189 1015 1274; x_wconf 84' lang='lat' dir='ltr'>dies,</span> <span class='ocrx_word' id='word_1_43' title='bbox 1034 1213 1137 1284; x_wconf 85' lang='lat' dir='ltr'>quam</span> <span class='ocrx_word' id='word_1_44' title='bbox 1151 1188 1343 1258; x_wconf 79' lang='lat' dir='ltr'>aedilitatem</span> <span class='ocrx_word' id='word_1_45' title='bbox 1359 1191 1419 1256; x_wconf 86' lang='lat' dir='ltr'>iui-</span> 
     </span>
     <span class='ocr_line' id='line_1_8' title="bbox 375 1303 1418 1394; baseline 0.003 -29"><span class='ocrx_word' id='word_1_46' title='bbox 375 1315 443 1383; x_wconf 86' lang='lat' dir='ltr'>ret,</span> <span class='ocrx_word' id='word_1_47' title='bbox 465 1303 556 1367; x_wconf 82' lang='lat' dir='ltr'>venit</span> <span class='ocrx_word' id='word_1_48' title='bbox 576 1303 614 1367; x_wconf 80' lang='lat' dir='ltr'>iu</span> <span class='ocrx_word' id='word_1_49' title='bbox 631 1303 858 1393; x_wconf 70' lang='lat' dir='ltr'>suspicionem</span> <span class='ocrx_word' id='word_1_50' title='bbox 879 1305 1089 1394; x_wconf 71' lang='lat' dir='ltr'>conspirasse</span> <span class='ocrx_word' id='word_1_51' title='bbox 1107 1325 1186 1368; x_wconf 91' lang='lat' dir='ltr'>cum</span> <span class='ocrx_word' id='word_1_52' title='bbox 1204 1305 1251 1368; x_wconf 79' lang='lat' dir='ltr'>M.</span> <span class='ocrx_word' id='word_1_53' title='bbox 1274 1311 1281 1338; x_wconf 91' lang='lat'><strong>¹</strong></span> <span class='ocrx_word' id='word_1_54' title='bbox 1299 1305 1418 1368; x_wconf 85' lang='lat' dir='ltr'>Crasso</span> 
     </span>
     <span class='ocr_line' id='line_1_9' title="bbox 374 1410 1419 1503; baseline -0.001 -26"><span class='ocrx_word' id='word_1_55' title='bbox 374 1410 559 1493; x_wconf 80' lang='lat' dir='ltr'>consulari,</span> <span class='ocrx_word' id='word_1_56' title='bbox 571 1413 651 1480; x_wconf 66' lang='lat' dir='ltr'>itu</span> <span class='ocrx_word' id='word_1_57' title='bbox 661 1417 696 1478; x_wconf 89' lang='lat' dir='ltr'>P.</span> <span class='ocrx_word' id='word_1_58' title='bbox 711 1410 802 1480; x_wconf 89' lang='lat' dir='ltr'>Sulla</span> <span class='ocrx_word' id='word_1_59' title='bbox 812 1428 845 1478; x_wconf 85' lang='lat' dir='ltr'>et</span> <span class='ocrx_word' id='word_1_60' title='bbox 854 1415 1032 1493; x_wconf 67' lang='lat' dir='ltr'>resumo,</span> <span class='ocrx_word' id='word_1_61' title='bbox 1045 1427 1123 1503; x_wconf 69' lang='lat' dir='ltr'>post</span> <span class='ocrx_word' id='word_1_62' title='bbox 1133 1410 1419 1501; x_wconf 63' lang='lat' dir='ltr'>’designationem</span> 
     </span>
     <span class='ocr_line' id='line_1_10' title="bbox 374 1519 1419 1612; baseline -0.001 -26"><span class='ocrx_word' id='word_1_63' title='bbox 374 1520 568 1587; x_wconf 77' lang='lat' dir='ltr'>consulatus</span> <span class='ocrx_word' id='word_1_64' title='bbox 580 1520 725 1587; x_wconf 86' lang='lat' dir='ltr'>ambitus</span> <span class='ocrx_word' id='word_1_65' title='bbox 737 1519 986 1603; x_wconf 71' lang='lat' dir='ltr'>emdemnatis,</span> <span class='ocrx_word' id='word_1_66' title='bbox 1000 1535 1038 1588; x_wconf 92' lang='lat' dir='ltr'>ut</span> <span class='ocrx_word' id='word_1_67' title='bbox 1049 1522 1214 1612; x_wconf 82' lang='lat' dir='ltr'>principio</span> <span class='ocrx_word' id='word_1_68' title='bbox 1226 1523 1309 1586; x_wconf 86' lang='lat' dir='ltr'>anni</span> <span class='ocrx_word' id='word_1_69' title='bbox 1320 1521 1419 1587; x_wconf 78' lang='lat' dir='ltr'>Sena·</span> 
     </span>
     <span class='ocr_line' id='line_1_11' title="bbox 373 1631 1419 1728; baseline -0.001 -29"><span class='ocrx_word' id='word_1_70' title='bbox 373 1649 447 1699; x_wconf 77' lang='lat' dir='ltr'>tram</span> <span class='ocrx_word' id='word_1_71' title='bbox 462 1633 687 1714; x_wconf 79' lang='lat' dir='ltr'>adorirentur,</span> <span class='ocrx_word' id='word_1_72' title='bbox 707 1649 740 1699; x_wconf 89' lang='lat' dir='ltr'>et</span> <span class='ocrx_word' id='word_1_73' title='bbox 754 1631 945 1713; x_wconf 76' lang='lat' dir='ltr'>trucidatis,</span> <span class='ocrx_word' id='word_1_74' title='bbox 966 1655 1051 1728; x_wconf 89' lang='lat' dir='ltr'>quos</span> <span class='ocrx_word' id='word_1_75' title='bbox 1066 1632 1230 1724; x_wconf 78' lang='lat' dir='ltr'>placitum</span> <span class='ocrx_word' id='word_1_76' title='bbox 1241 1647 1348 1714; x_wconf 84' lang='lat' dir='ltr'>esset,</span> <span class='ocrx_word' id='word_1_77' title='bbox 1369 1631 1419 1698; x_wconf 86' lang='lat' dir='ltr'>tli-</span> 
     </span>
     <span class='ocr_line' id='line_1_12' title="bbox 373 1743 1418 1836; baseline -0.002 -24"><span class='ocrx_word' id='word_1_78' title='bbox 373 1759 538 1812; x_wconf 79' lang='lat' dir='ltr'>ctaturam</span> <span class='ocrx_word' id='word_1_79' title='bbox 550 1748 691 1811; x_wconf 78' lang='lat' dir='ltr'>Crassus</span> <span class='ocrx_word' id='word_1_80' title='bbox 702 1743 891 1826; x_wconf 81' lang='lat' dir='ltr'>inuaderet,</span> <span class='ocrx_word' id='word_1_81' title='bbox 904 1747 976 1836; x_wconf 89' lang='lat' dir='ltr'>ipse</span> <span class='ocrx_word' id='word_1_82' title='bbox 987 1744 1030 1810; x_wconf 80' lang='lat' dir='ltr'>ab</span> <span class='ocrx_word' id='word_1_83' title='bbox 1043 1767 1086 1810; x_wconf 89' lang='lat' dir='ltr'>eo</span> <span class='ocrx_word' id='word_1_84' title='bbox 1095 1745 1254 1834; x_wconf 69' lang='lat' dir='ltr'>Magister</span> <span class='ocrx_word' id='word_1_85' title='bbox 1266 1745 1418 1836; x_wconf 78' lang='lat' dir='ltr'>equitnm</span> 
     </span>
     <span class='ocr_line' id='line_1_13' title="bbox 371 1851 1419 1948; baseline -0.002 -28"><span class='ocrx_word' id='word_1_86' title='bbox 371 1851 550 1936; x_wconf 85' lang='lat' dir='ltr'>diceretur,</span> <span class='ocrx_word' id='word_1_87' title='bbox 572 1857 819 1948; x_wconf 88' lang='lat' dir='ltr'>constitutaque</span> <span class='ocrx_word' id='word_1_88' title='bbox 836 1852 879 1920; x_wconf 90' lang='lat' dir='ltr'>ad</span> <span class='ocrx_word' id='word_1_89' title='bbox 900 1853 1075 1920; x_wconf 80' lang='lat' dir='ltr'>arbitrium</span> <span class='ocrx_word' id='word_1_90' title='bbox 1094 1851 1296 1944; x_wconf 83' lang='lat' dir='ltr'>Republica,</span> <span class='ocrx_word' id='word_1_91' title='bbox 1318 1851 1419 1920; x_wconf 85' lang='lat' dir='ltr'>Sullae</span> 
     </span>
     <span class='ocr_line' id='line_1_14' title="bbox 371 1961 1418 2055; baseline -0.001 -24"><span class='ocrx_word' id='word_1_92' title='bbox 371 1981 405 2032; x_wconf 87' lang='lat' dir='ltr'>et</span> <span class='ocrx_word' id='word_1_93' title='bbox 416 1968 578 2034; x_wconf 83' lang='lat' dir='ltr'>Autronio</span> <span class='ocrx_word' id='word_1_94' title='bbox 590 1965 784 2033; x_wconf 88' lang='lat' dir='ltr'>consulatus</span> <span class='ocrx_word' id='word_1_95' title='bbox 797 1967 1039 2033; x_wconf 85' lang='lat' dir='ltr'>restitueretur.</span> <span class='ocrx_word' id='word_1_96' title='bbox 1054 1961 1302 2032; x_wconf 81' lang='lat' dir='ltr'>Meminerunt³</span> <span class='ocrx_word' id='word_1_97' title='bbox 1315 1962 1418 2055; x_wconf 87' lang='lat' dir='ltr'>hujus</span> 
     </span>
    </p>
   </div>
   <div class='ocr_carea' id='block_1_3' title="bbox 404 2147 1419 2222">
    <p class='ocr_par' dir='ltr' id='par_1_4' title="bbox 404 2147 1419 2222">
     <span class='ocr_line' id='line_1_15' title="bbox 404 2147 1419 2222; baseline -0.008 -20"><span class='ocrx_word' id='word_1_98' title='bbox 404 2152 470 2203; x_wconf 83' lang='lat' dir='ltr'>vm.</span> <span class='ocrx_word' id='word_1_99' title='bbox 484 2169 504 2202; x_wconf 93' lang='grc'>1.</span> <span class='ocrx_word' id='word_1_100' title='bbox 513 2153 654 2212; x_wconf 81' lang='lat' dir='ltr'>Deredens,·</span> <span class='ocrx_word' id='word_1_101' title='bbox 663 2169 693 2202; x_wconf 84' lang='lat' dir='ltr'>ex</span> <span class='ocrx_word' id='word_1_102' title='bbox 701 2153 827 2222; x_wconf 82' lang='lat' dir='ltr'>Hispania</span> <span class='ocrx_word' id='word_1_103' title='bbox 835 2171 871 2202; x_wconf 84' lang='lat' dir='ltr'>re·</span> <span class='ocrx_word' id='word_1_104' title='bbox 916 2151 954 2192; x_wconf 66' lang='lat'>¹2¹¹</span> <span class='ocrx_word' id='word_1_105' title='bbox 965 2151 1064 2206; x_wconf 69' lang='lat' dir='ltr'>prensus</span> <span class='ocrx_word' id='word_1_106' title='bbox 1074 2149 1102 2190; x_wconf 70' lang='lat' dir='ltr'>tit</span> <span class='ocrx_word' id='word_1_107' title='bbox 1113 2147 1171 2191; x_wconf 65' lang='lat' dir='ltr'>tim</span> <span class='ocrx_word' id='word_1_108' title='bbox 1180 2161 1232 2189; x_wconf 77' lang='lat' dir='ltr'>nom</span> <span class='ocrx_word' id='word_1_109' title='bbox 1242 2147 1352 2190; x_wconf 71' lang='lat' dir='ltr'>sutirum</span> <span class='ocrx_word' id='word_1_110' title='bbox 1360 2159 1419 2204; x_wconf 74' lang='lat' dir='ltr'>punt·-</span> 
     </span>
    </p>
   </div>
   <div class='ocr_carea' id='block_1_4' title="bbox 370 2213 1400 2327">
    <p class='ocr_par' dir='ltr' id='par_1_5' title="bbox 370 2213 1400 2327">
     <span class='ocr_line' id='line_1_16' title="bbox 370 2213 1400 2327; baseline 0.007 -47"><span class='ocrx_word' id='word_1_111' title='bbox 370 2228 430 2281; x_wconf 84' lang='lat' dir='ltr'>dux.</span> <span class='ocrx_word' id='word_1_112' title='bbox 440 2259 475 2268; x_wconf 88' lang='lat'><em>-</em></span> <span class='ocrx_word' id='word_1_113' title='bbox 484 2227 724 2282; x_wconf 72' lang='lat' dir='ltr'>Coloniusbatinas.</span> <span class='ocrx_word' id='word_1_114' title='bbox 735 2229 823 2282; x_wconf 84' lang='lat' dir='ltr'>Gallos</span> <span class='ocrx_word' id='word_1_115' title='bbox 832 2232 872 2283; x_wconf 91' lang='lat' dir='ltr'>Ci·</span> <span class='ocrx_word' id='word_1_116' title='bbox 916 2213 1400 2327; x_wconf 39' lang='lat' dir='ltr'>Descffie&#39;lde&amp;mmmmm,mm</span> 
     </span>
    </p>
   </div>
   <div class='ocr_carea' id='block_1_5' title="bbox 369 2309 1418 2458">
    <p class='ocr_par' dir='ltr' id='par_1_6' title="bbox 369 2309 1418 2458">
     <span class='ocr_line' id='line_1_17' title="bbox 370 2309 1418 2388; baseline 0.008 -28"><span class='ocrx_word' id='word_1_117' title='bbox 370 2309 487 2380; x_wconf 73' lang='lat' dir='ltr'>talpinos</span> <span class='ocrx_word' id='word_1_118' title='bbox 506 2309 713 2380; x_wconf 76' lang='lat' dir='ltr'>Transpadanos</span> <span class='ocrx_word' id='word_1_119' title='bbox 733 2309 870 2380; x_wconf 67' lang='lat' dir='ltr'>intellige,</span> <span class='ocrx_word' id='word_1_120' title='bbox 916 2331 1418 2388; x_wconf 59' lang='grc' dir='ltr'>0111111111ρηῃιῑοιῳιωοηωυιεωμωιιηε.</span> 
     </span>
     <span class='ocr_line' id='line_1_18' title="bbox 369 2387 1132 2458; baseline -0.003 -22"><span class='ocrx_word' id='word_1_121' title='bbox 369 2387 869 2458; x_wconf 78' lang='lat' dir='ltr'>quijusLatiiacceperantpostbellum</span> <span class='ocrx_word' id='word_1_122' title='bbox 916 2393 1132 2450; x_wconf 50' lang='lat' dir='ltr'>transmutemur.</span> 
     </span>
    </p>
   </div>
   <div class='ocr_carea' id='block_1_6' title="bbox 366 2461 1466 2929">
    <p class='ocr_par' dir='ltr' id='par_1_7' title="bbox 366 2461 1466 2929">
     <span class='ocr_line' id='line_1_19' title="bbox 367 2461 1417 2538; baseline -0.006 -20"><span class='ocrx_word' id='word_1_123' title='bbox 367 2467 510 2518; x_wconf 84' lang='lat' dir='ltr'>Marsicum</span> <span class='ocrx_word' id='word_1_124' title='bbox 519 2463 576 2535; x_wconf 75' lang='lat' dir='ltr'>lege</span> <span class='ocrx_word' id='word_1_125' title='bbox 589 2467 705 2536; x_wconf 85' lang='lat' dir='ltr'>Pompeii</span> <span class='ocrx_word' id='word_1_126' title='bbox 717 2464 868 2532; x_wconf 83' lang='lat' dir='ltr'>Strabonis,</span> <span class='ocrx_word' id='word_1_127' title='bbox 949 2484 973 2518; x_wconf 80' lang='lat' dir='ltr'>a.</span> <span class='ocrx_word' id='word_1_128' title='bbox 983 2467 1045 2518; x_wconf 81' lang='lat' dir='ltr'>Post</span> <span class='ocrx_word' id='word_1_129' title='bbox 1051 2461 1417 2538; x_wconf 65' lang='lat' dir='ltr'>designatiouemeoosulatus.</span> 
     </span>
     <span class='ocr_line' id='line_1_20' title="bbox 367 2536 1466 2616; baseline -0.003 -22"><span class='ocrx_word' id='word_1_130' title='bbox 367 2546 449 2614; x_wconf 86' lang='lat' dir='ltr'>petris</span> <span class='ocrx_word' id='word_1_131' title='bbox 463 2546 567 2616; x_wconf 71' lang='lat' dir='ltr'>Magni,</span> <span class='ocrx_word' id='word_1_132' title='bbox 582 2546 613 2596; x_wconf 74' lang='lat' dir='ltr'>A.</span> <span class='ocrx_word' id='word_1_133' title='bbox 626 2547 658 2595; x_wconf 92' lang='lat' dir='ltr'>U.</span> <span class='ocrx_word' id='word_1_134' title='bbox 674 2543 740 2610; x_wconf 69' lang='lat'>664,</span> <span class='ocrx_word' id='word_1_135' title='bbox 754 2561 807 2614; x_wconf 87' lang='lat' dir='ltr'>qao</span> <span class='ocrx_word' id='word_1_136' title='bbox 820 2546 869 2594; x_wconf 88' lang='lat' dir='ltr'>mi·</span> <span class='ocrx_word' id='word_1_137' title='bbox 912 2545 1078 2597; x_wconf 78' lang='lat' dir='ltr'>creabantur</span> <span class='ocrx_word' id='word_1_138' title='bbox 1091 2540 1220 2596; x_wconf 82' lang='lat' dir='ltr'>Consules</span> <span class='ocrx_word' id='word_1_139' title='bbox 1238 2557 1326 2592; x_wconf 76' lang='lat' dir='ltr'>nense</span> <span class='ocrx_word' id='word_1_140' title='bbox 1343 2536 1417 2591; x_wconf 86' lang='lat' dir='ltr'>Julio</span> <span class='ocrx_word' id='word_1_141' title='bbox 1462 2591 1466 2596; x_wconf 83' lang='grc'>,</span> 
     </span>
     <span class='ocr_line' id='line_1_21' title="bbox 367 2621 1417 2693; baseline -0.003 -20"><span class='ocrx_word' id='word_1_142' title='bbox 367 2639 418 2674; x_wconf 88' lang='lat' dir='ltr'>nus</span> <span class='ocrx_word' id='word_1_143' title='bbox 428 2625 685 2677; x_wconf 80' lang='lat' dir='ltr'>eontentieivitntem</span> <span class='ocrx_word' id='word_1_144' title='bbox 695 2624 712 2674; x_wconf 92' lang='lat' dir='ltr'>i.</span> <span class='ocrx_word' id='word_1_145' title='bbox 727 2643 749 2674; x_wconf 88' lang='lat' dir='ltr'>e.</span> <span class='ocrx_word' id='word_1_146' title='bbox 757 2626 801 2693; x_wconf 86' lang='lat' dir='ltr'>jus</span> <span class='ocrx_word' id='word_1_147' title='bbox 813 2624 867 2674; x_wconf 82' lang='lat' dir='ltr'>suf·</span> <span class='ocrx_word' id='word_1_148' title='bbox 912 2623 953 2674; x_wconf 80' lang='lat' dir='ltr'>rel</span> <span class='ocrx_word' id='word_1_149' title='bbox 972 2626 1091 2692; x_wconf 66' lang='lat' dir='ltr'>Augusto</span> <span class='ocrx_word' id='word_1_150' title='bbox 1111 2622 1225 2672; x_wconf 81' lang='lat' dir='ltr'>comitiis</span> <span class='ocrx_word' id='word_1_151' title='bbox 1245 2621 1417 2684; x_wconf 83' lang='lat' dir='ltr'>centuriatis,</span> 
     </span>
     <span class='ocr_line' id='line_1_22' title="bbox 366 2691 1417 2774; baseline -0.007 -21"><span class='ocrx_word' id='word_1_152' title='bbox 366 2691 510 2774; x_wconf 75' lang='lat' dir='ltr'>fragiomnt</span> <span class='ocrx_word' id='word_1_153' title='bbox 530 2717 556 2756; x_wconf 88' lang='lat' dir='ltr'>et</span> <span class='ocrx_word' id='word_1_154' title='bbox 573 2703 705 2755; x_wconf 84' lang='lat' dir='ltr'>honorum</span> <span class='ocrx_word' id='word_1_155' title='bbox 724 2702 866 2774; x_wconf 85' lang='lat' dir='ltr'>petebant,</span> <span class='ocrx_word' id='word_1_156' title='bbox 912 2702 984 2753; x_wconf 84' lang='lat' dir='ltr'>unde</span> <span class='ocrx_word' id='word_1_157' title='bbox 998 2719 1083 2773; x_wconf 85' lang='lat' dir='ltr'>usque</span> <span class='ocrx_word' id='word_1_158' title='bbox 1099 2699 1133 2752; x_wconf 83' lang='lat' dir='ltr'>ad</span> <span class='ocrx_word' id='word_1_159' title='bbox 1152 2698 1211 2750; x_wconf 84' lang='lat' dir='ltr'>Kal.</span> <span class='ocrx_word' id='word_1_160' title='bbox 1229 2699 1336 2750; x_wconf 84' lang='lat' dir='ltr'>Jattuar.</span> <span class='ocrx_word' id='word_1_161' title='bbox 1358 2699 1417 2768; x_wconf 81' lang='lat' dir='ltr'>qui-</span> 
     </span>
     <span class='ocr_line' id='line_1_23' title="bbox 367 2776 1416 2852; baseline -0.003 -20"><span class='ocrx_word' id='word_1_162' title='bbox 367 2799 445 2852; x_wconf 84' lang='lat' dir='ltr'>quam</span> <span class='ocrx_word' id='word_1_163' title='bbox 459 2781 565 2833; x_wconf 85' lang='lat' dir='ltr'>tandem</span> <span class='ocrx_word' id='word_1_164' title='bbox 578 2785 649 2833; x_wconf 87' lang='lat' dir='ltr'>nacti</span> <span class='ocrx_word' id='word_1_165' title='bbox 662 2793 724 2833; x_wconf 87' lang='lat' dir='ltr'>sunt</span> <span class='ocrx_word' id='word_1_166' title='bbox 739 2799 754 2832; x_wconf 92' lang='lat' dir='ltr'>a</span> <span class='ocrx_word' id='word_1_167' title='bbox 768 2783 867 2833; x_wconf 68' lang='lat' dir='ltr'>Cessare</span> <span class='ocrx_word' id='word_1_168' title='bbox 913 2781 962 2833; x_wconf 90' lang='lat' dir='ltr'>bus</span> <span class='ocrx_word' id='word_1_169' title='bbox 977 2781 1038 2833; x_wconf 83' lang='lat' dir='ltr'>inde</span> <span class='ocrx_word' id='word_1_170' title='bbox 1051 2780 1084 2832; x_wconf 76' lang='lat' dir='ltr'>ab</span> <span class='ocrx_word' id='word_1_171' title='bbox 1095 2784 1127 2831; x_wconf 70' lang='lat' dir='ltr'>A.</span> <span class='ocrx_word' id='word_1_172' title='bbox 1142 2782 1175 2830; x_wconf 72' lang='lat' dir='ltr'>tt.</span> <span class='ocrx_word' id='word_1_173' title='bbox 1190 2779 1242 2832; x_wconf 86' lang='lat'>600</span> <span class='ocrx_word' id='word_1_174' title='bbox 1257 2776 1416 2829; x_wconf 75' lang='lat' dir='ltr'>consulatus</span> 
     </span>
     <span class='ocr_line' id='line_1_24' title="bbox 366 2856 1418 2929; baseline -0.003 -19"><span class='ocrx_word' id='word_1_175' title='bbox 366 2861 510 2912; x_wconf 85' lang='lat' dir='ltr'>Dictatore.</span> <span class='ocrx_word' id='word_1_176' title='bbox 526 2864 592 2925; x_wconf 81' lang='lat' dir='ltr'>nio,</span> <span class='ocrx_word' id='word_1_177' title='bbox 604 2863 675 2926; x_wconf 83' lang='lat' dir='ltr'>XLI,</span> <span class='ocrx_word' id='word_1_178' title='bbox 690 2861 732 2912; x_wconf 85' lang='lat'>36.</span> <span class='ocrx_word' id='word_1_179' title='bbox 748 2860 815 2912; x_wconf 87' lang='lat' dir='ltr'>Vide</span> <span class='ocrx_word' id='word_1_180' title='bbox 829 2863 867 2914; x_wconf 87' lang='lat' dir='ltr'>Si·</span> <span class='ocrx_word' id='word_1_181' title='bbox 912 2865 990 2912; x_wconf 89' lang='lat' dir='ltr'>initus</span> <span class='ocrx_word' id='word_1_182' title='bbox 1005 2873 1057 2925; x_wconf 85' lang='lat' dir='ltr'>est,</span> <span class='ocrx_word' id='word_1_183' title='bbox 1074 2857 1195 2911; x_wconf 81' lang='lat' dir='ltr'>Consules</span> <span class='ocrx_word' id='word_1_184' title='bbox 1206 2859 1331 2929; x_wconf 69' lang='lat' dir='ltr'>desipuisti</span> <span class='ocrx_word' id='word_1_185' title='bbox 1345 2856 1418 2907; x_wconf 86' lang='lat' dir='ltr'>diee-</span> 
     </span>
    </p>
   </div>
   <div class='ocr_carea' id='block_1_7' title="bbox 365 2935 1514 3010">
    <p class='ocr_par' dir='ltr' id='par_1_8' title="bbox 365 2935 1514 3010">
     <span class='ocr_line' id='line_1_25' title="bbox 365 2935 1514 3010; baseline -0.003 -20"><span class='ocrx_word' id='word_1_186' title='bbox 365 2955 427 3008; x_wconf 68' lang='lat' dir='ltr'>gon.</span> <span class='ocrx_word' id='word_1_187' title='bbox 442 2937 474 2988; x_wconf 90' lang='lat' dir='ltr'>de</span> <span class='ocrx_word' id='word_1_188' title='bbox 487 2941 548 2990; x_wconf 77' lang='lat' dir='ltr'>Ant.</span> <span class='ocrx_word' id='word_1_189' title='bbox 561 2941 623 2990; x_wconf 87' lang='lat' dir='ltr'>lure</span> <span class='ocrx_word' id='word_1_190' title='bbox 634 2939 691 2989; x_wconf 87' lang='lat' dir='ltr'>ltal.</span> <span class='ocrx_word' id='word_1_191' title='bbox 701 2942 748 3005; x_wconf 95' lang='lat' dir='ltr'>lll,</span> <span class='ocrx_word' id='word_1_192' title='bbox 760 2957 788 3001; x_wconf 82' lang='lat'>2;</span> <span class='ocrx_word' id='word_1_193' title='bbox 801 2941 868 2992; x_wconf 76' lang='lat' dir='ltr'>&#39;For-</span> <span class='ocrx_word' id='word_1_194' title='bbox 911 2940 1016 3004; x_wconf 82' lang='lat' dir='ltr'>bantur,</span> <span class='ocrx_word' id='word_1_195' title='bbox 1031 2951 1126 3010; x_wconf 72' lang='lat' dir='ltr'>prater</span> <span class='ocrx_word' id='word_1_196' title='bbox 1142 2936 1208 2988; x_wconf 85' lang='lat' dir='ltr'>alios</span> <span class='ocrx_word' id='word_1_197' title='bbox 1223 2955 1254 2988; x_wconf 84' lang='lat' dir='ltr'>so</span> <span class='ocrx_word' id='word_1_198' title='bbox 1271 2937 1348 2988; x_wconf 83' lang='lat' dir='ltr'>etiam</span> <span class='ocrx_word' id='word_1_199' title='bbox 1364 2935 1415 2986; x_wconf 81' lang='lat' dir='ltr'>bo·</span> <span class='ocrx_word' id='word_1_200' title='bbox 1510 2981 1514 2986; x_wconf 87' lang='lat'>.</span> 
     </span>
    </p>
   </div>
   <div class='ocr_carea' id='block_1_8' title="bbox 304 3015 1417 4350">
    <p class='ocr_par' dir='ltr' id='par_1_9' title="bbox 304 3015 1417 4350">
     <span class='ocr_line' id='line_1_26' title="bbox 366 3015 1416 3085; baseline -0.003 -18"><span class='ocrx_word' id='word_1_201' title='bbox 366 3029 432 3068; x_wconf 89' lang='lat' dir='ltr'>rent.</span> <span class='ocrx_word' id='word_1_202' title='bbox 444 3015 556 3068; x_wconf 87' lang='lat' dir='ltr'>Casaub.</span> <span class='ocrx_word' id='word_1_203' title='bbox 567 3017 651 3068; x_wconf 83' lang='lat' dir='ltr'>Wolf.</span> <span class='ocrx_word' id='word_1_204' title='bbox 665 3017 698 3068; x_wconf 89' lang='lat' dir='ltr'>ad</span> <span class='ocrx_word' id='word_1_205' title='bbox 712 3017 738 3068; x_wconf 90' lang='lat' dir='ltr'>b.</span> <span class='ocrx_word' id='word_1_206' title='bbox 752 3016 770 3068; x_wconf 92' lang='grc'>1,</span> <span class='ocrx_word' id='word_1_207' title='bbox 911 3037 976 3068; x_wconf 85' lang='lat' dir='ltr'>nore</span> <span class='ocrx_word' id='word_1_208' title='bbox 989 3019 1088 3080; x_wconf 83' lang='lat' dir='ltr'>eximii,</span> <span class='ocrx_word' id='word_1_209' title='bbox 1103 3015 1175 3085; x_wconf 87' lang='lat' dir='ltr'>quod</span> <span class='ocrx_word' id='word_1_210' title='bbox 1188 3015 1264 3085; x_wconf 76' lang='lat' dir='ltr'>primi</span> <span class='ocrx_word' id='word_1_211' title='bbox 1276 3015 1303 3065; x_wconf 89' lang='lat' dir='ltr'>in</span> <span class='ocrx_word' id='word_1_212' title='bbox 1316 3015 1416 3067; x_wconf 79' lang='lat' dir='ltr'>Senatu</span> 
     </span>
     <span class='ocr_line' id='line_1_27' title="bbox 401 3094 1416 3164; baseline -0.003 -17"><span class='ocrx_word' id='word_1_213' title='bbox 401 3095 446 3147; x_wconf 90' lang='lat' dir='ltr'>lX.</span> <span class='ocrx_word' id='word_1_214' title='bbox 464 3113 485 3146; x_wconf 91' lang='grc'>1.</span> <span class='ocrx_word' id='word_1_215' title='bbox 506 3097 544 3146; x_wconf 83' lang='grc' dir='ltr'>Μ.</span> <span class='ocrx_word' id='word_1_216' title='bbox 558 3098 652 3147; x_wconf 82' lang='lat' dir='ltr'>Crasso.</span> <span class='ocrx_word' id='word_1_217' title='bbox 668 3094 767 3147; x_wconf 84' lang='lat' dir='ltr'>Consul</span> <span class='ocrx_word' id='word_1_218' title='bbox 781 3099 865 3148; x_wconf 79' lang='lat' dir='ltr'>luerat</span> <span class='ocrx_word' id='word_1_219' title='bbox 889 3098 1069 3149; x_wconf 71' lang='lat' dir='ltr'>‘sententiam</span> <span class='ocrx_word' id='word_1_220' title='bbox 1086 3094 1256 3164; x_wconf 66' lang='lat' dir='ltr'>rogabantur.</span> <span class='ocrx_word' id='word_1_221' title='bbox 1273 3123 1309 3134; x_wconf 85' lang='lat'>-</span> <span class='ocrx_word' id='word_1_222' title='bbox 1321 3094 1416 3144; x_wconf 74' lang='lat' dir='ltr'>Amat-</span> 
     </span>
     <span class='ocr_line' id='line_1_28' title="bbox 366 3173 1416 3247; baseline -0.002 -21"><span class='ocrx_word' id='word_1_223' title='bbox 366 3191 426 3226; x_wconf 87' lang='lat' dir='ltr'>cum</span> <span class='ocrx_word' id='word_1_224' title='bbox 435 3175 559 3247; x_wconf 80' lang='lat' dir='ltr'>Pompeio</span> <span class='ocrx_word' id='word_1_225' title='bbox 569 3177 719 3244; x_wconf 57' lang='lat' dir='ltr'>Magum&amp;</span> <span class='ocrx_word' id='word_1_226' title='bbox 728 3179 760 3228; x_wconf 89' lang='lat' dir='ltr'>U.</span> <span class='ocrx_word' id='word_1_227' title='bbox 769 3175 867 3242; x_wconf 58' lang='lat'><strong>684-</strong></span> <span class='ocrx_word' id='word_1_228' title='bbox 912 3189 964 3237; x_wconf 69' lang='lat' dir='ltr'>tusr</span> <span class='ocrx_word' id='word_1_229' title='bbox 982 3178 999 3227; x_wconf 91' lang='lat' dir='ltr'>i.</span> <span class='ocrx_word' id='word_1_230' title='bbox 1016 3193 1039 3227; x_wconf 85' lang='lat' dir='ltr'>a.</span> <span class='ocrx_word' id='word_1_231' title='bbox 1054 3173 1194 3244; x_wconf 69' lang='lat' dir='ltr'>illegitimae</span> <span class='ocrx_word' id='word_1_232' title='bbox 1208 3175 1356 3244; x_wconf 81' lang='lat' dir='ltr'>petitionis,</span> <span class='ocrx_word' id='word_1_233' title='bbox 1370 3174 1416 3224; x_wconf 69' lang='lat' dir='ltr'>lb-</span> 
     </span>
     <span class='ocr_line' id='line_1_29' title="bbox 365 3251 1416 3324; baseline -0.004 -18"><span class='ocrx_word' id='word_1_234' title='bbox 365 3253 404 3306; x_wconf 83' lang='lat' dir='ltr'>De</span> <span class='ocrx_word' id='word_1_235' title='bbox 416 3256 601 3324; x_wconf 84' lang='lat' dir='ltr'>conjuratione</span> <span class='ocrx_word' id='word_1_236' title='bbox 613 3271 673 3304; x_wconf 87' lang='lat' dir='ltr'>curn</span> <span class='ocrx_word' id='word_1_237' title='bbox 685 3255 796 3306; x_wconf 85' lang='lat' dir='ltr'>Catilina</span> <span class='ocrx_word' id='word_1_238' title='bbox 806 3254 867 3307; x_wconf 79' lang='lat' dir='ltr'>vide</span> <span class='ocrx_word' id='word_1_239' title='bbox 908 3256 1032 3320; x_wconf 62' lang='lat' dir='ltr'>postulor.</span> <span class='ocrx_word' id='word_1_240' title='bbox 1047 3254 1129 3323; x_wconf 76' lang='lat' dir='ltr'>Leges</span> <span class='ocrx_word' id='word_1_241' title='bbox 1144 3252 1210 3304; x_wconf 81' lang='lat' dir='ltr'>latas</span> <span class='ocrx_word' id='word_1_242' title='bbox 1222 3265 1318 3303; x_wconf 83' lang='lat' dir='ltr'>contra</span> <span class='ocrx_word' id='word_1_243' title='bbox 1328 3251 1416 3302; x_wconf 87' lang='lat' dir='ltr'>ambi-</span> 
     </span>
     <span class='ocr_line' id='line_1_30' title="bbox 365 3329 1415 3406; baseline -0.004 -21"><span class='ocrx_word' id='word_1_244' title='bbox 365 3333 866 3406; x_wconf 56' lang='grc' dir='ltr'>1111101111.13.Ι)1Ρ.61111113111,11</span> <span class='ocrx_word' id='word_1_245' title='bbox 912 3349 967 3386; x_wconf 86' lang='lat' dir='ltr'>tum</span> <span class='ocrx_word' id='word_1_246' title='bbox 980 3334 1040 3386; x_wconf 80' lang='lat' dir='ltr'>vide</span> <span class='ocrx_word' id='word_1_247' title='bbox 1053 3332 1125 3404; x_wconf 90' lang='lat' dir='ltr'>apud</span> <span class='ocrx_word' id='word_1_248' title='bbox 1138 3331 1227 3402; x_wconf 78' lang='lat' dir='ltr'>Sigon.</span> <span class='ocrx_word' id='word_1_249' title='bbox 1242 3331 1276 3382; x_wconf 85' lang='lat' dir='ltr'>ds</span> <span class='ocrx_word' id='word_1_250' title='bbox 1286 3329 1415 3396; x_wconf 76' lang='lat' dir='ltr'>iudiciis,</span> 
     </span>
     <span class='ocr_line' id='line_1_31' title="bbox 365 3411 1415 3482; baseline -0.006 -17"><span class='ocrx_word' id='word_1_251' title='bbox 365 3416 457 3480; x_wconf 84' lang='lat' dir='ltr'>sociis,</span> <span class='ocrx_word' id='word_1_252' title='bbox 470 3413 574 3466; x_wconf 82' lang='lat' dir='ltr'>Sallust.</span> <span class='ocrx_word' id='word_1_253' title='bbox 587 3413 663 3465; x_wconf 84' lang='lat' dir='ltr'>Catil.</span> <span class='ocrx_word' id='word_1_254' title='bbox 678 3431 707 3482; x_wconf 84' lang='lat'>¹7</span> <span class='ocrx_word' id='word_1_255' title='bbox 719 3427 744 3465; x_wconf 90' lang='lat' dir='ltr'>et</span> <span class='ocrx_word' id='word_1_256' title='bbox 758 3415 804 3482; x_wconf 86' lang='lat'>18,</span> <span class='ocrx_word' id='word_1_257' title='bbox 820 3415 866 3466; x_wconf 90' lang='lat' dir='ltr'>ubi</span> <span class='ocrx_word' id='word_1_258' title='bbox 911 3415 948 3478; x_wconf 91' lang='lat' dir='ltr'>ll,</span> <span class='ocrx_word' id='word_1_259' title='bbox 960 3413 1002 3464; x_wconf 87' lang='lat'>30.</span> <span class='ocrx_word' id='word_1_260' title='bbox 1019 3411 1090 3464; x_wconf 84' lang='lat' dir='ltr'>Sulla</span> <span class='ocrx_word' id='word_1_261' title='bbox 1105 3424 1193 3462; x_wconf 85' lang='lat' dir='ltr'>autern</span> <span class='ocrx_word' id='word_1_262' title='bbox 1210 3423 1235 3460; x_wconf 90' lang='lat' dir='ltr'>et</span> <span class='ocrx_word' id='word_1_263' title='bbox 1251 3411 1415 3477; x_wconf 78' lang='lat' dir='ltr'>Autronius,</span> 
     </span>
     <span class='ocr_line' id='line_1_32' title="bbox 365 3484 1415 3562; baseline -0.007 -16"><span class='ocrx_word' id='word_1_264' title='bbox 365 3484 456 3546; x_wconf 78' lang='lat' dir='ltr'>eadem</span> <span class='ocrx_word' id='word_1_265' title='bbox 471 3495 635 3562; x_wconf 84' lang='lat' dir='ltr'>conjuratio,</span> <span class='ocrx_word' id='word_1_266' title='bbox 650 3491 750 3546; x_wconf 79' lang='lat' dir='ltr'>diverse</span> <span class='ocrx_word' id='word_1_267' title='bbox 765 3507 866 3556; x_wconf 88' lang='lat' dir='ltr'>tamen,</span> <span class='ocrx_word' id='word_1_268' title='bbox 912 3493 1025 3544; x_wconf 85' lang='lat' dir='ltr'>ambitus</span> <span class='ocrx_word' id='word_1_269' title='bbox 1035 3489 1217 3554; x_wconf 83' lang='lat' dir='ltr'>condemnati,</span> <span class='ocrx_word' id='word_1_270' title='bbox 1229 3487 1415 3552; x_wconf 80' lang='lat' dir='ltr'>consulatum,</span> 
     </span>
     <span class='ocr_line' id='line_1_33' title="bbox 311 3570 1415 3643; baseline -0.004 -17"><span class='ocrx_word' id='word_1_271' title='bbox 311 3617 315 3626; x_wconf 87' lang='lat'>.</span> <span class='ocrx_word' id='word_1_272' title='bbox 366 3572 867 3640; x_wconf 86' lang='lat' dir='ltr'>narratur,haudeornmemoratisCras·</span> <span class='ocrx_word' id='word_1_273' title='bbox 911 3577 953 3626; x_wconf 86' lang='lat' dir='ltr'>eui</span> <span class='ocrx_word' id='word_1_274' title='bbox 969 3573 1098 3643; x_wconf 75' lang='lat' dir='ltr'>designati</span> <span class='ocrx_word' id='word_1_275' title='bbox 1116 3585 1208 3634; x_wconf 88' lang='lat' dir='ltr'>erant,</span> <span class='ocrx_word' id='word_1_276' title='bbox 1226 3589 1321 3642; x_wconf 80' lang='lat' dir='ltr'>rapere</span> <span class='ocrx_word' id='word_1_277' title='bbox 1339 3570 1415 3622; x_wconf 79' lang='lat' dir='ltr'>haud</span> 
     </span>
     <span class='ocr_line' id='line_1_34' title="bbox 364 3649 1414 3724; baseline -0.005 -21"><span class='ocrx_word' id='word_1_278' title='bbox 364 3671 393 3704; x_wconf 81' lang='lat' dir='ltr'>so</span> <span class='ocrx_word' id='word_1_279' title='bbox 416 3667 443 3705; x_wconf 86' lang='lat' dir='ltr'>et</span> <span class='ocrx_word' id='word_1_280' title='bbox 466 3655 574 3706; x_wconf 71' lang='lat' dir='ltr'>Caesare.</span> <span class='ocrx_word' id='word_1_281' title='bbox 599 3653 637 3702; x_wconf 84' lang='lat' dir='ltr'>De</span> <span class='ocrx_word' id='word_1_282' title='bbox 660 3653 788 3705; x_wconf 74' lang='lat' dir='ltr'>Autronio</span> <span class='ocrx_word' id='word_1_283' title='bbox 809 3653 866 3722; x_wconf 81' lang='lat' dir='ltr'>(eui</span> <span class='ocrx_word' id='word_1_284' title='bbox 910 3649 1414 3724; x_wconf 77' lang='lat' dir='ltr'>poterantexlegeAciliaGnlpur-nia,</span> 
     </span>
     <span class='ocr_line' id='line_1_35' title="bbox 365 3726 1417 3802; baseline -0.005 -20"><span class='ocrx_word' id='word_1_285' title='bbox 365 3733 435 3786; x_wconf 79' lang='lat' dir='ltr'>MSS.</span> <span class='ocrx_word' id='word_1_286' title='bbox 445 3731 506 3784; x_wconf 88' lang='lat' dir='ltr'>libri</span> <span class='ocrx_word' id='word_1_287' title='bbox 514 3729 850 3802; x_wconf 69' lang='lat' dir='ltr'>prenomendantlucium</span> <span class='ocrx_word' id='word_1_288' title='bbox 856 3770 866 3796; x_wconf 90' lang='lat'>,</span> <span class='ocrx_word' id='word_1_289' title='bbox 911 3733 947 3784; x_wconf 78' lang='lat' dir='ltr'>rt.</span> <span class='ocrx_word' id='word_1_290' title='bbox 963 3732 1039 3782; x_wconf 77' lang='lat' dir='ltr'>Acilii</span> <span class='ocrx_word' id='word_1_291' title='bbox 1052 3730 1204 3781; x_wconf 75' lang='lat' dir='ltr'>Glabrionis</span> <span class='ocrx_word' id='word_1_292' title='bbox 1218 3743 1244 3780; x_wconf 88' lang='lat' dir='ltr'>et</span> <span class='ocrx_word' id='word_1_293' title='bbox 1256 3730 1285 3780; x_wconf 92' lang='lat' dir='ltr'>C.</span> <span class='ocrx_word' id='word_1_294' title='bbox 1299 3726 1417 3798; x_wconf 66' lang='lat' dir='ltr'>calpen·</span> 
     </span>
     <span class='ocr_line' id='line_1_36' title="bbox 366 3808 1414 3881; baseline -0.004 -19"><span class='ocrx_word' id='word_1_295' title='bbox 366 3829 446 3881; x_wconf 86' lang='lat' dir='ltr'>quum</span> <span class='ocrx_word' id='word_1_296' title='bbox 462 3826 552 3862; x_wconf 86' lang='lat' dir='ltr'>tarnen</span> <span class='ocrx_word' id='word_1_297' title='bbox 568 3809 691 3861; x_wconf 79' lang='lat' dir='ltr'>Publium</span> <span class='ocrx_word' id='word_1_298' title='bbox 709 3813 789 3861; x_wconf 86' lang='lat' dir='ltr'>Paisse</span> <span class='ocrx_word' id='word_1_299' title='bbox 806 3829 866 3862; x_wconf 89' lang='lat' dir='ltr'>con·</span> <span class='ocrx_word' id='word_1_300' title='bbox 910 3814 948 3862; x_wconf 94' lang='lat' dir='ltr'>nii</span> <span class='ocrx_word' id='word_1_301' title='bbox 966 3811 1066 3862; x_wconf 85' lang='lat' dir='ltr'>Pisonis</span> <span class='ocrx_word' id='word_1_302' title='bbox 1084 3811 1115 3860; x_wconf 76' lang='lat' dir='ltr'>A.</span> <span class='ocrx_word' id='word_1_303' title='bbox 1134 3813 1167 3860; x_wconf 80' lang='lat' dir='ltr'>li.</span> <span class='ocrx_word' id='word_1_304' title='bbox 1188 3808 1256 3874; x_wconf 87' lang='grc'>686,</span> <span class='ocrx_word' id='word_1_305' title='bbox 1277 3825 1335 3878; x_wconf 70' lang='lat' dir='ltr'>quse</span> <span class='ocrx_word' id='word_1_306' title='bbox 1353 3821 1414 3858; x_wconf 83' lang='lat' dir='ltr'>turn</span> 
     </span>
     <span class='ocr_line' id='line_1_37' title="bbox 366 3887 1416 3960; baseline 0 -22"><span class='ocrx_word' id='word_1_307' title='bbox 366 3902 433 3955; x_wconf 82' lang='lat' dir='ltr'>stet,</span> <span class='ocrx_word' id='word_1_308' title='bbox 456 3910 534 3960; x_wconf 87' lang='lat' dir='ltr'>quem</span> <span class='ocrx_word' id='word_1_309' title='bbox 554 3903 583 3941; x_wconf 93' lang='lat' dir='ltr'>ut</span> <span class='ocrx_word' id='word_1_310' title='bbox 602 3890 712 3940; x_wconf 84' lang='lat' dir='ltr'>vitemus</span> <span class='ocrx_word' id='word_1_311' title='bbox 732 3907 866 3955; x_wconf 85' lang='lat' dir='ltr'>errorem,</span> <span class='ocrx_word' id='word_1_312' title='bbox 909 3889 1021 3943; x_wconf 74' lang='lat' dir='ltr'>valebat.</span> <span class='ocrx_word' id='word_1_313' title='bbox 1039 3891 1068 3940; x_wconf 91' lang='lat' dir='ltr'>ln</span> <span class='ocrx_word' id='word_1_314' title='bbox 1082 3907 1175 3940; x_wconf 88' lang='lat' dir='ltr'>eorum</span> <span class='ocrx_word' id='word_1_315' title='bbox 1192 3887 1280 3940; x_wconf 85' lang='lat' dir='ltr'>lorum</span> <span class='ocrx_word' id='word_1_316' title='bbox 1294 3887 1370 3937; x_wconf 83' lang='lat' dir='ltr'>Cotta</span> <span class='ocrx_word' id='word_1_317' title='bbox 1385 3903 1416 3938; x_wconf 79' lang='lat' dir='ltr'>et</span> 
     </span>
     <span class='ocr_line' id='line_1_38' title="bbox 366 3967 1415 4040; baseline 0.003 -25"><span class='ocrx_word' id='word_1_318' title='bbox 366 3967 542 4020; x_wconf 84' lang='lat' dir='ltr'>Burmannum</span> <span class='ocrx_word' id='word_1_319' title='bbox 559 3967 677 4038; x_wconf 85' lang='lat' dir='ltr'>aliusque</span> <span class='ocrx_word' id='word_1_320' title='bbox 690 3969 786 4032; x_wconf 86' lang='lat' dir='ltr'>secuti,</span> <span class='ocrx_word' id='word_1_321' title='bbox 799 3987 865 4038; x_wconf 74' lang='lat' dir='ltr'>pras·</span> <span class='ocrx_word' id='word_1_322' title='bbox 910 3973 1074 4040; x_wconf 90' lang='lat' dir='ltr'>Torquatus,</span> <span class='ocrx_word' id='word_1_323' title='bbox 1088 3969 1132 4040; x_wconf 91' lang='lat' dir='ltr'>qui</span> <span class='ocrx_word' id='word_1_324' title='bbox 1145 3987 1204 4019; x_wconf 88' lang='lat' dir='ltr'>reos</span> <span class='ocrx_word' id='word_1_325' title='bbox 1218 3977 1336 4037; x_wconf 79' lang='lat' dir='ltr'>egerant,</span> <span class='ocrx_word' id='word_1_326' title='bbox 1348 3982 1415 4018; x_wconf 84' lang='lat' dir='ltr'>suut</span> 
     </span>
     <span class='ocr_line' id='line_1_39' title="bbox 304 4043 1415 4118; baseline 0.005 -26"><span class='ocrx_word' id='word_1_327' title='bbox 304 4101 306 4110; x_wconf 41' lang='grc' dir='ltr'>Ι</span> <span class='ocrx_word' id='word_1_328' title='bbox 365 4061 463 4102; x_wconf 82' lang='lat' dir='ltr'>nomen</span> <span class='ocrx_word' id='word_1_329' title='bbox 479 4045 645 4116; x_wconf 84' lang='lat' dir='ltr'>omisimus),</span> <span class='ocrx_word' id='word_1_330' title='bbox 665 4045 723 4098; x_wconf 81' lang='lat' dir='ltr'>ride</span> <span class='ocrx_word' id='word_1_331' title='bbox 741 4043 795 4099; x_wconf 76' lang='lat' dir='ltr'>Ci&#39;e.</span> <span class='ocrx_word' id='word_1_332' title='bbox 813 4063 864 4118; x_wconf 90' lang='lat' dir='ltr'>pro</span> <span class='ocrx_word' id='word_1_333' title='bbox 911 4047 1052 4100; x_wconf 87' lang='lat' dir='ltr'>substituti.</span> <span class='ocrx_word' id='word_1_334' title='bbox 1075 4047 1213 4100; x_wconf 84' lang='lat' dir='ltr'>Sallustius</span> <span class='ocrx_word' id='word_1_335' title='bbox 1230 4051 1262 4098; x_wconf 83' lang='lat' dir='ltr'>irr</span> <span class='ocrx_word' id='word_1_336' title='bbox 1278 4044 1415 4112; x_wconf 87' lang='lat' dir='ltr'>Catilina,</span> 
     </span>
     <span class='ocr_line' id='line_1_40' title="bbox 366 4119 1028 4197; baseline 0.005 -24"><span class='ocrx_word' id='word_1_337' title='bbox 366 4119 428 4173; x_wconf 83' lang='lat' dir='ltr'>Sall.</span> <span class='ocrx_word' id='word_1_338' title='bbox 443 4137 466 4185; x_wconf 91' lang='grc'>1,</span> <span class='ocrx_word' id='word_1_339' title='bbox 478 4137 504 4173; x_wconf 84' lang='lat' dir='ltr'>et</span> <span class='ocrx_word' id='word_1_340' title='bbox 514 4123 619 4176; x_wconf 83' lang='lat' dir='ltr'>Sallust.</span> <span class='ocrx_word' id='word_1_341' title='bbox 633 4125 649 4176; x_wconf 91' lang='lat' dir='ltr'>l.</span> <span class='ocrx_word' id='word_1_342' title='bbox 663 4144 685 4176; x_wconf 89' lang='lat' dir='ltr'>c.</span> <span class='ocrx_word' id='word_1_343' title='bbox 699 4124 790 4196; x_wconf 87' lang='lat' dir='ltr'>ibique</span> <span class='ocrx_word' id='word_1_344' title='bbox 801 4126 866 4176; x_wconf 81' lang='lat' dir='ltr'>Bon·</span> <span class='ocrx_word' id='word_1_345' title='bbox 910 4145 969 4197; x_wconf 81' lang='lat' dir='ltr'>cap.</span> <span class='ocrx_word' id='word_1_346' title='bbox 988 4128 1028 4178; x_wconf 89' lang='grc'>18.</span> 
     </span>
     <span class='ocr_line' id='line_1_41' title="bbox 368 4199 1417 4275; baseline 0.007 -27"><span class='ocrx_word' id='word_1_347' title='bbox 368 4213 443 4250; x_wconf 78' lang='lat' dir='ltr'>nour.</span> <span class='ocrx_word' id='word_1_348' title='bbox 463 4199 529 4251; x_wconf 85' lang='lat' dir='ltr'>Cato</span> <span class='ocrx_word' id='word_1_349' title='bbox 544 4203 615 4272; x_wconf 76' lang='lat' dir='ltr'>apud</span> <span class='ocrx_word' id='word_1_350' title='bbox 630 4207 774 4266; x_wconf 77' lang='lat' dir='ltr'>Vossius,</span> <span class='ocrx_word' id='word_1_351' title='bbox 796 4205 864 4255; x_wconf 72' lang='lat' dir='ltr'>Cart-</span> <span class='ocrx_word' id='word_1_352' title='bbox 946 4206 970 4257; x_wconf 83' lang='lat'>3.</span> <span class='ocrx_word' id='word_1_353' title='bbox 990 4203 1417 4275; x_wconf 77' lang='lat' dir='ltr'>Meminenrntlrujuscsnjuratio·</span> 
     </span>
     <span class='ocr_line' id='line_1_42' title="bbox 367 4280 1416 4350; baseline -0.001 -19"><span class='ocrx_word' id='word_1_354' title='bbox 367 4280 436 4342; x_wconf 83' lang='lat' dir='ltr'>lina,</span> <span class='ocrx_word' id='word_1_355' title='bbox 451 4291 501 4330; x_wconf 86' lang='lat' dir='ltr'>aet.</span> <span class='ocrx_word' id='word_1_356' title='bbox 514 4283 537 4344; x_wconf 96' lang='lat' dir='ltr'>l,</span> <span class='ocrx_word' id='word_1_357' title='bbox 551 4299 585 4332; x_wconf 88' lang='lat' dir='ltr'>se.</span> <span class='ocrx_word' id='word_1_358' title='bbox 599 4283 631 4332; x_wconf 82' lang='lat'>6:</span> <span class='ocrx_word' id='word_1_359' title='bbox 911 4283 964 4347; x_wconf 84' lang='lat' dir='ltr'>uis,</span> <span class='ocrx_word' id='word_1_360' title='bbox 977 4295 1025 4332; x_wconf 82' lang='lat' dir='ltr'>etc.</span> <span class='ocrx_word' id='word_1_361' title='bbox 1038 4282 1064 4332; x_wconf 90' lang='lat' dir='ltr'>id</span> <span class='ocrx_word' id='word_1_362' title='bbox 1077 4295 1128 4346; x_wconf 84' lang='lat' dir='ltr'>est,</span> <span class='ocrx_word' id='word_1_363' title='bbox 1143 4282 1333 4350; x_wconf 85' lang='lat' dir='ltr'>conjurationis</span> <span class='ocrx_word' id='word_1_364' title='bbox 1348 4299 1416 4350; x_wconf 85' lang='lat' dir='ltr'>par·-</span> 
     </span>
    </p>
   </div>
   <div class='ocr_carea' id='block_1_9' title="bbox 0 0 1566 5134">
    <p class='ocr_par' dir='ltr' id='par_1_10' title="bbox 0 0 1566 5134">
     <span class='ocr_line' id='line_1_43' title="bbox 0 0 1566 5134; baseline 0 3"><span class='ocrx_word' id='word_1_365' title='bbox 0 0 1566 5134; x_wconf 95' lang='lat' dir='ltr'> </span> 
     </span>
    </p>
   </div>
  </div>
 </body>
</html>
