3036 5124
488 590 726 656 creamus.
904 573 908 583 '
1062 589 1128 679 395

90 721 261 810 gisuutus,
276 733 315 785 'et
328 714 405 809 jure
423 714 593 788 ordinario
611 716 816 808 agebantur3
835 732 928 784 tanta
944 703 1130 784 Consulum

88 830 302 909 auctoritate,
318 842 357 893 ut
373 825 474 918 legati
493 825 661 906 ert-Africa
674 824 818 894 adierint
836 849 912 909 eos,
932 843 1131 920 querentes,

88 935 192 1006 trahi⁶
211 961 247 1005 se
266 959 287 1004 a
303 941 452 1020 Caesare,
473 935 516 1004 ad
535 959 637 1032 quem
653 939 745 1005 missi
763 936 884 1005 forent.
905 941 974 1004 Neo
987 939 1131 1019 mirum,

88 1071 193 1144 quum
207 1045 319 1141 palam
333 1065 438 1130 esset,
451 1050 583 1142 ipsum⁷
600 1071 736 1144 quoque
752 1047 880 1116 eisdem
894 1063 927 1116 et
938 1071 1131 1141 assurgere,

89 1175 121 1226 ct
130 1156 293 1226 decedere
306 1160 368 1226 via.

132 1273 268 1340 xxxrt.
292 1269 462 1361 Corripuit
480 1268 675 1338 consulares
697 1267 897 1336 exercitibus
917 1271 1131 1362 prepositos,

89 1375 199 1472 quod¹
220 1375 346 1446 nonde
361 1378 462 1448 rebus
485 1382 585 1472 gestis
604 1381 739 1450 Senatui
756 1379 958 1461 scriberent,
975 1377 1134 1475 quodque

89 1484 130 1554 de
146 1484 353 1554 tribuendis²
368 1487 572 1582 quibusdam
590 1487 788 1555 militaribus
807 1488 904 1556 donis
918 1487 961 1554 ad
981 1513 1017 1556 se
1030 1489 1134 1556 refer·

87 1613 179 1666 rent:
194 1600 291 1694 quasi
302 1623 372 1667 non
387 1603 538 1667 omnium
550 1599 806 1668 tribuendorum
818 1602 880 1694 ipsi
889 1597 946 1693 jus
958 1599 1132 1667 haberent.

89 1715 269 1777 Praetorem
284 1709 503 1794 collaudavit,
519 1709 648 1805 quod³,
661 1711 789 1780 honore
803 1713 903 1796 inito,
918 1707 1134 1778 cousuetudi-

88 1843 166 1891 nem
179 1823 355 1915 antiquam
365 1820 553 1903 retulisset,
569 1819 612 1888 de
624 1819 808 1913 majoribus
821 1825 889 1888 suis
901 1845 963 1914 pro
975 1823 1134 1888 concione

88 1931 310 1999 memorandi.
322 1932 543 2019 Quorundam
560 1932 740 2000 illustrium
755 1930 952 2026 exsequiasl
968 1930 1134 2026 usquead

88 2066 209 2134 rogum
241 2041 476 2139 frequentavit.
506 2049 622 2112 Parem
654 2043 921 2111 moderationem
950 2041 1135 2110 minoribus

89 2177 226 2250 quoque
242 2169 275 2220 et
290 2157 444 2247 personis
463 2174 496 2224 et
508 2153 609 2222 rebus
622 2154 783 2222 exhibuit.
796 2159 910 2241 Quum
927 2150 1135 2220 Rhodiorum

88 2267 319 2356 magistratus,
333 2265 425 2359 quod
439 2264 552 2334 literas
565 2264 717 2360 publicas
730 2265 821 2332 sine⁵
835 2263 1081 2356 subscriptione
1092 2260 1136 2330 ad

122 2466 150 2520 6.
169 2467 267 2531 Trebi,
283 2464 410 2534 detineri,
423 2467 523 2521 tardari
535 2487 563 2520 se
575 2487 589 2520 a
634 2487 712 2541 quam
722 2465 862 2533 retulisset,
873 2480 923 2518 etc.
934 2467 989 2518 cie.
1000 2467 1091 2536 Agrar.
1103 2466 1136 2526 ll,

89 2543 200 2599 (lesere.
638 2563 667 2600 t:
685 2548 752 2600 «Est
764 2545 816 2599 hoo
827 2548 856 2598 iu
865 2563 940 2598 more
950 2548 1082 2618 positum,
1093 2547 1136 2595 in·

125 2643 149 2695 7.
169 2627 261 2699 Ipsum
265 2663 312 2679 .....
325 2635 352 2678 et
363 2645 498 2700 carpere.
511 2628 589 2681 Cous.
635 2627 781 2697 stitutoque
791 2630 936 2697 majorum,
951 2638 978 2676 nt
990 2625 1025 2686 ii,
1037 2625 1082 2696 qui
1091 2623 1137 2675 be·

88 2705 254 2774 Dio,uv11,
269 2722 308 2758 ιι.
635 2704 1073 2778 nellciovestroimaginetfamiliae
1084 2723 1138 2758 suae

123 2785 234 2838 xxxfl.
256 2784 370 2855 stiland
382 2804 487 2840 nom...
502 2785 593 2837 seribe-
636 2789 772 2840 consecuti
788 2801 866 2855 sunt,
883 2805 941 2840 eam
959 2789 1070 2858 primam
1087 2785 1137 2837 ha-

89 2875 161 2926 τως
176 2881 257 2935 qucm
268 2882 368 2916 momm
380 2865 495 2936 primum
504 2863 593 2934 negle-
636 2865 718 2919 beant
727 2868 898 2932 concionem,
911 2856 962 2939 ilua
973 2867 1083 2938 gratiam
1094 2864 1139 2917 be·

89 2944 160 2997 :isse
173 2945 338 3016 Agrippan,
355 2946 458 2999 monuit
469 2947 525 3015 jam
543 2944 593 2996 Ce-
637 2946 725 3004 nelicii
745 2947 825 2998 vestri
848 2963 909 2997 cum
930 2963 1040 2997 snorum
1060 2943 1138 2996 laude

89 3021 166 3075 saeb-
175 3022 422 3090 calliamlrlvfld,
433 3041 593 3097 quemquern
638 3026 819 3095 conjungant,
834 3037 908 3075 etc.-

90 3102 229 3156 nodosae
239 3102 360 3173 Agrippa
372 3102 399 3154 id
411 3101 554 3156 tribuente.
674 3102 699 3169 4.
718 3103 888 3176 Exsequias...
894 3101 1082 3175 fieqrtentavit.
1095 3101 1138 3154 Cl.

89 3181 594 3314 attinentiis:
637 3181 1141 3334 ffiltld't'lllldl‘lssllll

430 3297 439 3326 ‚
504 3301 510 3313 .

90 3339 363 3392 sumersetensi.
375 3343 422 3409 lli,
433 3358 476 3408 nr,
487 3340 521 3394 sd
531 3359 593 3393 aen.
638 3342 760 3395 lustr-ium
778 3341 813 3393 ad
826 3341 1008 3394 laudationem
1021 3353 1141 3406 tanturn,

78 3419 160 3490 '7732
185 3437 240 3471 ιοο
259 3419 349 3490 prelio
369 3421 455 3474 Rufus
472 3420 595 3488 Helvius,
640 3440 697 3495 qun
711 3421 830 3474 liebatin
843 3423 930 3486 Foro,
948 3421 1037 3472 venire
1053 3417 1140 3483 soliti,

89 3500 227 3570 &egerim
236 3497 326 3562 miles,
336 3501 431 3552 serrati
441 3500 505 3553 eicis
514 3499 596 3552 &oue
639 3521 691 3555 neo
703 3503 829 3555 interesse
841 3503 949 3567 officio,
963 3519 1046 3574 quum
1059 3518 1073 3550 e
1085 3498 1141 3549 llo·-

89 3577 197 3640 retulin
207 3577 422 3651 donatusqueest
432 3580 465 3631 ab
475 3582 595 3650 Apronio
640 3585 699 3635 stris
712 3583 745 3635 ad
761 3583 868 3634 bustum
887 3593 959 3635 extra
975 3579 1068 3632 urbem
1081 3596 1142 3628 cor·

91 3657 234 3729 torquibus
252 3669 279 3710 ei
293 3656 378 3710 basta.
393 3660 480 3712 Cnu't'
494 3658 596 3710 eddidit
639 3681 690 3736 pus
703 3665 849 3731 efferretur,
868 3681 946 3737 quam
965 3676 991 3714 et
1004 3660 1047 3713 elii
1067 3657 1142 3710 mulli

91 3737 203 3790 civim
222 3755 365 3803 norom,
381 3739 450 3812 qued
468 3757 522 3791 non
537 3757 595 3791 eam
639 3745 745 3814 pietatis
755 3741 838 3813 legem
848 3743 875 3792 in
887 3742 1014 3812 exsequiis
1025 3755 1079 3790 nou
1089 3753 1142 3787 ma·

91 3832 198 3888 quoqu
204 3815 414 3888 Apronint,jure
421 3816 595 3883 Pmomlir,
640 3824 680 3892 gis
693 3821 829 3874 curabant.

91 3893 234 3962 nuum,
244 3905 347 3967 questro
357 3897 453 3968 maqis,
466 3913 546 3968 quam
559 3897 597 3967 os·
677 3899 702 3953 5.
717 3902 864 3954 biterrae...
878 3901 933 3952 sine
943 3896 1127 3968 subscriptione
1132 3917 1142 3958 ,-

85 3971 446 4043 fensus.s-Codicesalii‚
459 3974 597 4048 quatiente
640 3981 666 4032 iu
686 3979 782 4052 quibus
803 3980 898 4032 omissa
918 3976 1054 4040 clausula,
1073 3993 1144 4046 qna,

91 4055 253 4106 mntem...
267 4054 595 4128 ipsejueltaberetsmale:
641 4077 724 4130 quum
752 4055 786 4109 ad
811 4058 959 4126 Principem
982 4053 1144 4121 scriberent,

91 4133 176 4187 verba
190 4133 290 4188 Tiberii
304 4136 338 4188 ab
355 4149 464 4189 auctore
477 4137 597 4189 referan-
640 4137 792 4190 felicitatem
800 4134 837 4186 illi
845 4134 983 4206 optabunt.
992 4134 1069 4185 Conf.
1078 4133 1144 4198 nio,

92 4228 146 4270 tur.
161 4213 229 4270 Vide
241 4217 353 4287 August.
367 4216 409 4269 ss
640 4217 722 4284 LVll,
738 4231 778 4280 rr,
795 4213 841 4266 ubi
856 4225 994 4284 comparat
1006 4211 1144 4264 Fabricius

129 4296 156 4348 3.
180 4296 515 4368 Quedffleuntttetudinm
529 4299 597 4350 cnti-
642 4296 706 4347 l'lin.
726 4296 807 4366 Epist.
824 4293 864 4360 x,
888 4310 914 4358 r,
931 4292 1057 4344 «Fortem
1076 4305 1102 4342 te
1119 4303 1145 4342 et
