3040 5118
398 564 556 629 OCTAV.
582 563 842 632 AUGUSTUS.
1076 568 1141 635 315

105 715 280 760 numerum
300 697 325 758 C
345 691 440 759 litera
461 709 614 774 notaret;
635 691 873 787 futurumque,
894 710 932 759 ut
952 695 1038 760 inter
1053 697 1142 764 Deos

105 805 296 886 referretur,
311 802 402 898 quod
420 801 575 886 AESARQ
593 801 627 870 id
639 821 707 886 est,
725 802 854 898 reliqua
874 829 952 897 pars
970 809 1141 874 eGaesaris

103 917 253 997 nomine,
272 919 411 982 Etrusca
430 913 546 1005 lingua
570 918 660 980 Deus
681 932 867 982 vocaretur.
892 914 1064 983 Tiberium
1084 919 1141 1007 igi-

103 1035 172 1090 tur⁷
182 1026 217 1090 in
228 1023 399 1118 Illyricum
409 1023 625 1106 dimissurus,
636 1040 670 1090 et
678 1029 905 1092 Beneventum
914 1049 1022 1119 usque
1031 1049 1141 1118 prose·

102 1151 254 1218 cuturus,
270 1159 376 1228 quum
397 1133 661 1228 interpellatores
679 1133 751 1202 aliis
769 1151 870 1229 etque
888 1135 961 1204 aliis
979 1139 1088 1204 causis
1104 1139 1139 1204 in

98 1241 171 1334 jure
183 1243 325 1312 dicendo
338 1245 542 1326 detinerent,
555 1244 752 1312 exclamavit
767 1245 880 1338 (quod
894 1261 927 1312 et
937 1248 1049 1338 ipsum
1060 1270 1139 1314 mox

100 1358 184 1424 inter
198 1359 311 1424 omina
324 1355 468 1424 relatum
481 1360 567 1444 est),
591 1361 707 1438 «Non,
729 1359 756 1423 si
777 1359 889 1424 omnia
905 1373 1139 1439 morarentur,

99 1466 243 1558 amplius
264 1491 300 1535 se
320 1466 459 1559 posthac
479 1472 593 1534 Romae
611 1467 802 1534 futurumst·
825 1472 933 1561 Atque
953 1470 1073 1534 itinere
1090 1471 1140 1534 in-

99 1578 413 1661 choato,dsturam⁸
423 1581 582 1672 perrexit,
592 1577 709 1646 etinde
716 1595 837 1672 praeter
844 1579 1137 1662 consuetudinem,

98 1688 139 1756 de
151 1689 249 1758 nocie
258 1689 301 1757 ad
310 1693 518 1759 occasionem
529 1712 620 1756 aurae
633 1707 782 1772 evectus,
793 1713 929 1757 causam
938 1688 1139 1757 valetudinis

98 1805 263 1870 contraxit
276 1826 316 1870 ex
330 1801 495 1895 profluvio
509 1801 585 1868 alvi.

142 1917 228 1981 XCV
230 1919 290 1980 Ill.
315 1919 412 1981 'runc
425 1914 614 2005 Gsmpauiae
629 1935 688 1978 ora
703 1913 931 2006 proximisque
944 1912 1062 1980 insulis
1075 1914 1137 1980 cir·

97 2027 209 2106 euitis,
219 2030 423 2118 Caprearum
433 2047 568 2119 quoque
578 2025 723 2091 secessui
730 2024 947 2118 quatriduum
955 2023 1138 2118 impendit,

32 2179 38 2202 .
96 2138 330 2204 remississimo
349 2135 393 2204 ad
415 2138 520 2205 otium
539 2151 572 2202 et
589 2133 633 2202 ad
650 2157 786 2202 omnem
804 2138 996 2203 comitatem
1012 2140 1136 2205 animo.

96 2253 192 2316 Forte
211 2247 434 2316 Puteolanum
452 2251 564 2313 sinum
576 2245 832 2338 praetervebenti
847 2263 998 2315 vectores
1015 2265 1140 2317 noutae-

96 2383 161 2454 que
177 2359 222 2426 de
237 2361 315 2426 navi
331 2357 574 2440 Alexandrina,
594 2380 670 2451 quse
683 2373 816 2426 tannim
834 2357 925 2453 quod
944 2358 1137 2452 appulerat,

95 2470 264 2538 candidati
276 2474 507 2566 coronatique,
522 2487 557 2538 et
568 2469 669 2538 thum
684 2470 842 2554 libantes,
856 2472 966 2538 fausto
979 2475 1092 2540 omina
1105 2491 1139 2541 et

94 2586 232 2652 eximias
247 2581 362 2650 laudes
376 2598 634 2676 congesserant:
655 2587 742 2648 aPer
757 2580 870 2650 illum¹
886 2607 922 2650 se
933 2585 1060 2666 vivere,
1076 2608 1138 2676 per

95 2691 189 2760 illum
205 2695 384 2786 navigare,
401 2691 553 2760 libertate
571 2707 671 2785 atque
689 2691 831 2759 fortunis
844 2716 905 2785 per
918 2690 1015 2760 illum
1027 2693 1105 2761 frui.
1119 2725 1133 2755 s

94 2808 218 2890 Quare
228 2801 413 2871 admodum
423 2801 626 2870 exhilaratus
639 2800 871 2896 quadragenos
882 2826 1002 2869 aureos
1014 2806 1138 2870 comiti-

93 2913 156 2982 bus
167 2914 298 2982 divisit:
306 2911 432 3008 jusque
440 2911 625 3005 jurandum
635 2930 668 2980 et
678 2916 867 2981 cautionem
877 2915 986 3004 exegit
996 2938 1017 2980 a
1028 2916 1138 3008 singu·

93 3024 150 3107 lis,
164 3049 236 3093 non
250 3023 316 3093 alio
329 3024 442 3093 datam
457 3048 624 3092 summam
637 3048 740 3117 quam
754 3027 787 3091 in
802 3027 981 3092 emtionem
996 3023 1136 3094 Alexan-

92 3135 269 3205 drinarum
280 3139 443 3205 mercium
454 3137 677 3204 absumturos.
698 3135 762 3204 Sed
773 3151 807 3203 et
817 3152 946 3204 ceteros
958 3139 1136 3204 continuos

126 3325 152 3378 6.
164 3325 251 3376 AE'sar.
263 3325 321 3376 Hoc
333 3323 490 3376 vocabulum
500 3325 594 3376 Casan·
637 3321 818 3392 Neapolitanis
826 3336 878 3386 est,
885 3325 1017 3394 processit
1025 3325 1052 3375 in
1063 3324 1137 3375 Cam-

92 3400 179 3456 bonus
193 3401 304 3456 deducit
317 3402 351 3455 ab
365 3395 439 3471 ain,
453 3403 551 3468 fatum,
566 3402 594 3455 id
636 3401 775 3470 puniam„

93 3498 147 3548 est,
160 3485 244 3535 Deus.
673 3478 698 3528 8.
717 3477 848 3528 Asturam.
864 3477 951 3529 Insula
965 3480 1015 3529 fuit
1026 3480 1053 3529 in
1067 3481 1137 3548 ejus-

126 3581 151 3633 7,
166 3562 402 3636 Τὶὸρήηηιὶςίεω,
416 3561 592 3628 210.vell,11‚
637 3552 696 3604 dem
713 3556 827 3607 nominis
847 3555 954 3608 flumine
974 3558 1000 3607 in
1017 3556 1136 3624 Volscis,

94 3640 591 3711 12321Catsardogustus,quumGer-
636 3632 683 3686 ubi
703 3632 823 3687 Ciceroni
843 3633 921 3700 villa,
944 3633 1015 3686 unde
1035 3634 1136 3688 factum

91 3723 227 3773 manicam
245 3731 369 3789 nepotem
384 3737 477 3782 suum,
489 3717 591 3789 reliqua
636 3725 728 3780 postes
736 3712 838 3766 ridetur
845 3713 982 3785 oppidum.
990 3715 1030 3767 cf.
1038 3715 1134 3768 Cellar.

91 3797 153 3852 belli
165 3810 348 3870 patraturum,
361 3799 474 3850 misisset
486 3799 514 3849 in
526 3799 591 3850 Ger-
635 3789 731 3859 Geogr.
747 3794 809 3842 Ant.
822 3794 859 3856 11,
872 3809 903 3860 9,
916 3810 975 3862 pag.
989 3793 1050 3863 809.

91 3881 223 3944 maniam,
242 3876 378 3928 Tiberium
399 3889 487 3929 autem
509 3875 590 3929 filiurn
669 3869 783 3920 XCVIII·
806 3886 827 3920 1·
842 3869 982 3922 Perillam
998 3889 1023 3924 se
1038 3872 1133 3939 virere,

90 3961 220 4012 missurus
231 3970 299 4010 esset
310 3958 337 4008 iu
350 3955 497 4028 Illyricum,
507 3956 540 4008 ad
551 3958 591 4008 fir.
635 3961 685 4000 etc.
698 3946 770 3999 Talia
785 3961 810 3999 et
825 3949 917 4000 Horat.
933 3949 1053 4020 Augusto
1065 3953 1135 4003 soei-

90 4039 188 4093 manda
197 4056 279 4109 pace,
289 4055 346 4109 quae
355 4036 426 4088 bello
436 4035 591 4108 subegerat,
635 4027 689 4091 nit,
702 4028 787 4078 casm·
800 4028 844 4093 [Va
856 4022 886 4093 5,
900 4044 946 4096 ¹7²

91 4135 257 4190 prosequens
273 4135 351 4182 eum,
365 4116 496 4188 simulque
511 4118 591 4169 inter·
675 4106 740 4178 Tutus
747 4105 866 4147 l⁰⁸‘¹⁶¹¹l¹¹¹
876 4120 922 4147 η’·
929 4106 1067 4181 penmburn

89 4199 197 4250 futurus
209 4194 366 4248 athletarum
379 4197 514 4246 certamini
527 4195 591 4246 ludi·
674 4169 1092 4284 {mmmbfr'fflssnffl'vffl’ffilU
1121 4201 1123 4204 '

90 4297 150 4344 cro,
165 4273 239 4348 quod
251 4277 307 4344 ojus
321 4273 417 4326 honori
431 4286 562 4326 sacrorum
575 4295 589 4325 a
727 4291 889 4348 eutpnimetutt
898 4290 962 4334 Fides.
