3096 5124
366 510 432 574 232
721 475 772 576 c.
799 510 1032 575 seimonu

366 637 630 704 uansvectionis.
649 634 714 704 sed
733 658 844 730 neque
866 635 997 704 detrahi
1016 660 1224 732 quemquam
1241 639 1277 704 in
1301 653 1411 705 trans-

365 744 519 815 vehendo
535 745 577 812 ab
591 763 786 814 accusatore
799 770 918 840 passus
932 764 999 830 est,
1012 747 1105 842 quod
1123 747 1195 814 fieri
1209 746 1355 830 solebat,
1374 765 1412 817 et

367 859 460 925 senio
473 856 527 924 vel
541 855 670 951 aliqua⁵
686 861 836 950 corporis
850 857 924 926 labe
939 858 1125 950 insignibus
1141 860 1309 950 permisit,
1321 881 1409 949 prae-

366 969 469 1034 misso
483 969 517 1033 in
527 963 644 1034 ordine
656 989 759 1060 equo,
771 966 815 1034 ad
827 965 1117 1060 respondendum,
1128 970 1259 1061 quoties
1271 969 1410 1034 citaren-

365 1092 434 1158 tur,
446 1074 588 1168 pedibus
596 1079 727 1144 venire:
740 1075 838 1144 mox⁰
851 1077 1012 1146 reddendi
1021 1081 1099 1173 equi
1107 1081 1246 1168 gratiam
1257 1077 1335 1144 fecit
1343 1079 1406 1157 eis,

365 1187 424 1278 qui
442 1180 585 1276 majores
608 1208 775 1258 annorum
793 1189 942 1281 quinque
959 1203 993 1254 et
1010 1189 1145 1278 triginta
1164 1189 1309 1254 retinere
1330 1209 1407 1256 cunt

367 1295 507 1366 nollent.

413 1410 561 1474 XXXIX.
588 1409 844 1502 impetratisque
861 1433 881 1475 a
895 1411 1035 1478 Senatu¹
1052 1407 1168 1477 decem
1180 1407 1403 1502 adjutoribus,

366 1539 641 1611 unumquemque
660 1520 819 1611 Equitum
837 1522 1000 1587 rationem
1018 1524 1094 1588 vitae
1116 1518 1257 1587 reddere
1279 1522 1403 1610 coegit:

366 1645 466 1721 atquc
481 1650 522 1693 ex
539 1625 734 1717 improbatis
751 1626 833 1695 alios
845 1647 960 1720 poena,
972 1628 1054 1698 alios
1070 1631 1252 1722 ignominia
1263 1631 1404 1706 notavit;

366 1736 481 1829 plures
493 1733 736 1818 admonitione,
748 1734 807 1803 sed
821 1742 912 1805 varia
927 1765 934 1804 :
951 1738 1159 1806 lenissimum
1175 1763 1283 1831 genus
1295 1737 1405 1804 admo-

367 1849 501 1916 nitionis
517 1847 580 1913 fuit
595 1843 746 1912 traditio²
763 1871 876 1916 coram
893 1849 1124 1941 pugillarium,
1143 1874 1228 1944 quos
1247 1850 1352 1929 taciti,
1373 1861 1422 1946 ²¹.

366 1955 491 2023 ibidem
503 1960 785 2052 statimlegerent:
795 1963 986 2056 notavitque
993 1961 1122 2056 aliquos
1130 2014 1138 2043 ,
1146 1959 1238 2055 quod
1247 1961 1404 2053 pecunias

366 2063 547 2133 levioribus
564 2072 676 2138 usuris
690 2073 849 2153 mutuati,
871 2074 1022 2162 graviore
1039 2071 1155 2144 fenore
1176 2070 1402 2139 collocassent.

414 2181 482 2244 XL.
496 2181 642 2247 Comitiis
655 2180 855 2264 tribuniciis,
871 2180 898 2248 s'i
908 2179 1078 2250 deessent¹
1095 2179 1261 2250 candidati
1273 2187 1405 2251 Senato-

367 2310 437 2369 res,
451 2311 492 2355 ex
509 2289 680 2383 Equitibus
693 2295 850 2360 Romanis
864 2295 1002 2375 creavit,
1014 2296 1060 2360 ita
1070 2309 1122 2377 ut,
1133 2309 1297 2386 potestate
1306 2309 1405 2360 trans

405 2528 429 2580 5.
447 2527 546 2601 Aliqua
559 2530 671 2600 corporis
680 2528 746 2582 labe.
757 2530 866 2582 Gravius
910 2544 1026 2602 perant,
1053 2531 1106 2584 boo
1131 2531 1312 2594 beneficium,
1338 2542 1366 2581 ut
1390 2547 1404 2578 a

369 2605 506 2678 quodlibet
520 2607 614 2660 vulnus
630 2607 761 2680 intellige,
777 2623 806 2661 ut
820 2627 867 2660 na·
911 2608 1023 2662 molesto
1047 2609 1179 2681 stipendia
1208 2611 1278 2661 inter
1302 2609 1404 2678 Equites

368 2706 408 2740 res
422 2690 550 2758 praecisa,
564 2686 605 2741 rel
617 2707 711 2756 aures,
725 2690 818 2742 oculus
828 2690 866 2741 af·
911 2689 1030 2742 merendi
1050 2709 1131 2742 onere
1148 2689 1271 2752 liberati,
1291 2677 1404 2739 ordinem

327 2825 330 2831 ι
369 2766 531 2831 fossue,etc.
911 2782 1059 2839 equestrem
1073 2769 1229 2834 retinerent,
1243 2763 1404 2840 quoexcide·

403 2843 429 2894 6.
448 2845 514 2896 Mox
534 2845 655 2897 reddendi
674 2845 734 2916 equi
754 2843 866 2916 qratiam
911 2848 975 2899 bant
997 2845 1111 2898 rendere
1137 2865 1235 2917 equum
1257 2865 1273 2898 a
1295 2849 1404 2900 censore

363 2923 446 2994 fecit,
460 2937 511 2975 etc.
526 2925 638 2977 Casmrb.
652 2925 744 2978 maluit
756 2925 867 2977 retinen·
908 2926 985 2995 jussi.

368 3004 409 3070 di,
423 3009 548 3074 quoniam
559 3008 670 3078 pretium
677 3007 768 3077 facere
778 3007 803 3055 in
815 3005 867 3056 No·
946 3003 1065 3056 XXXIX.
1080 3003 1136 3056 1.A
1141 3003 1248 3054 Senatu.
1257 3003 1404 3054 AbaSena-

369 3097 424 3134 atro
435 3083 500 3133 aliae
510 3099 549 3134 est
559 3087 696 3149 remittere,
707 3086 868 3155 permittere,
912 3083 1013 3134 toribus.
1034 3081 1198 3145 Praelerrem,
1217 3079 1290 3151 quod
1309 3096 1336 3133 et
1352 3078 1403 3132 aliis

368 3181 403 3213 ne
414 3160 478 3231 quid
490 3161 547 3227 liat,
558 3162 631 3233 quod
641 3161 791 3214 faciendum
802 3177 867 3215 crat.
911 3160 1229 3232 placuit,eSermtoribur,
1237 3163 1286 3212 nisi
1295 3160 1404 3212 obstaret

369 3240 420 3294 Sed
439 3242 474 3290 ita
490 3254 582 3292 auctor
597 3241 704 3294 brevius
716 3242 804 3294 dicere
820 3261 868 3313 po·
911 3241 1030 3308 ingratus
1043 3257 1123 3292 sonus
1135 3237 1172 3290 ob
1183 3257 1297 3308 sequens
1305 3238 1403 3308 orljrrto·

370 3321 463 3372 ruisset
470 3357 478 3384 ,
486 3337 547 3370 mox
551 3321 662 3391 qratiam
665 3321 732 3391 fecit
738 3321 783 3385 eis,
793 3323 865 3392 qui...
912 3317 986 3368 ribus.
993 3316 1099 3370 Mallem
1107 3331 1193 3368 tamen
1202 3335 1262 3367 cum
1271 3317 1403 3368 Burmann.

369 3402 477 3452 retinere
483 3419 577 3472 equum
585 3399 696 3467 nollent,
703 3419 733 3452 ac
742 3402 768 3450 in
777 3400 868 3473 phrasi
912 3417 926 3449 e
936 3397 1040 3450 Senatu.

367 3479 479 3552 qratiam
487 3475 578 3548 facere
591 3480 698 3528 omnino
711 3493 750 3529 est
762 3497 868 3545 sensus,
950 3495 973 3530 a.
994 3477 1111 3529 Traditio
1122 3495 1208 3529 coram
1218 3475 1404 3550 pupillarirtm,

369 3559 449 3610 alicui
463 3557 623 3621 concedere,
639 3558 712 3628 quod
724 3561 749 3610 ei
764 3573 866 3625 [tratum
912 3559 938 3608 in
951 3557 1047 3628 quibus
1057 3569 1147 3609 notata
1160 3558 1290 3625 cujusque
1303 3555 1406 3620 delicta,

370 3640 416 3703 sit,
427 3641 453 3690 in
464 3653 602 3708 utramque
614 3652 729 3709 partem,
739 3637 778 3688 vel
790 3651 818 3689 ut
828 3638 867 3688 vel
912 3649 942 3687 ut
953 3634 1115 3705 deprehendi
1129 3654 1156 3687 se
1168 3649 1368 3706 cognoscerent.

370 3737 403 3772 ne
416 3718 496 3769 faciat
509 3717 617 3788 aliquid.
638 3719 694 3768 lloc
712 3715 868 3788 loco‘igitur
947 3715 1001 3768 XI„
1023 3731 1043 3764 t.
1060 3715 1088 3767 Si
1101 3715 1214 3768 deessent
1226 3715 1360 3770 candidati
1370 3713 1407 3766 Se

369 3811 408 3850 est
417 3797 653 3869 potestatemfecit‚
666 3809 694 3848 ut
703 3797 757 3846 Liv.
766 3798 813 3859 lll,
825 3797 867 3862 41,
913 3809 1020 3848 ratores.
1035 3799 1096 3847 Post
1111 3796 1186 3848 Sulla
1198 3810 1317 3867 tempora
1331 3795 1407 3848 Sena-

372 3878 467 3948 «sacra
485 3897 533 3948 per
546 3877 694 3929 Cornelium
711 3875 815 3927 Valerio
830 3877 867 3926 di·
912 3873 1014 3926 toribus
1030 3887 1131 3924 tantum
1148 3873 1312 3926 tribunatum
1328 3872 1408 3944 plebis

368 3959 443 4008 cendi
456 3959 541 4031 pratia
550 3998 558 4025 ,
572 3975 629 4030 quoe
642 3955 748 4008 velletr
765 3954 869 4006 Tribuit
912 3953 1042 4024 patuisse,
1058 3951 1169 4004 diximus
1182 3951 1215 4001 sd
1230 3970 1254 4002 c.
1273 3967 1313 4002 to.
1326 3949 1367 4002 Ab
1379 3946 1408 4000 il-

371 4049 458 4086 autem
477 4038 611 4106 Augustus
628 4039 676 4102 iis,
695 4039 738 4107 qni
759 4034 791 4086 ad
810 4053 866 4085 eam
913 4032 958 4098 lis,
981 4051 1061 4102 quum
1079 4032 1235 4083 infirmatam
1250 4030 1321 4083 banc
1337 4043 1409 4101 pote·

370 4125 471 4164 aetatem
485 4118 600 4183 provecti
613 4114 716 4180 nullos,
731 4113 826 4184 quibus
841 4116 867 4164 in
913 4125 1005 4164 statem
1016 4112 1207 4175 detrectarent,
1219 4114 1275 4182 jam
1287 4109 1320 4162 ad
1333 4110 1408 4179 Equi-

369 4191 493 4243 Scnatum
508 4195 651 4256 intrarent,
667 4192 781 4244 bonores
794 4211 868 4242 accc·
912 4206 950 4242 tes
966 4193 1043 4242 ctiam
1060 4191 1227 4258 translatam,
1246 4203 1335 4243 narrat
1352 4189 1407 4241 loco
