3036 5128
329 529 371 620 ‘46
702 536 737 596 o.
764 531 996 599 suerouu

326 665 509 754 Gaiumque
529 661 728 733 Curionem,
748 658 1028 726 violentissimum
1049 655 1296 738 Tribuuorum,
1319 657 1373 721 iu-

327 774 416 861 genti
433 767 586 836 mercede
602 765 796 834 defensores
812 769 952 859 paravit.
972 763 1034 834 Sed
1047 784 1153 858 quum
1171 763 1373 833 obstinatius

326 884 438 948 omnia
450 882 502 970 agi
517 876 658 957 videret,
675 895 708 944 et
725 875 939 969 designatos⁴
953 878 1055 968 etiam
1066 874 1261 942 Consulese
1277 889 1373 964 purte

326 988 476 1069 diversa,
492 989 650 1054 Senatum
667 985 791 1053 literis⁵
809 985 1009 1078 deprecatus
1023 1003 1089 1068 est,
1108 1007 1151 1051 ue
1170 983 1233 1051 sibi
1250 983 1375 1050 benefi-

326 1103 415 1168 cium
434 1097 550 1190 populi
565 1095 784 1177 adimeretur,
799 1111 858 1164 aut
876 1111 915 1163 ut
930 1097 1030 1162 ceteri
1046 1115 1183 1189 quoque
1196 1095 1376 1186 imperato-

326 1235 380 1278 res
395 1209 437 1277 ab
452 1207 651 1277 exercitibus
666 1206 894 1278 discederent:
913 1205 1076 1288 conlisus,
1091 1225 1130 1273 ut
1143 1219 1282 1298 putant,
1297 1203 1376 1270 faci-

326 1323 390 1391 lius
405 1345 458 1405 se,
477 1321 577 1389 simul
594 1337 695 1415 atque
710 1321 878 1402 libuisset,
895 1335 1071 1386 veteranos
1088 1331 1373 1396 consecuturum,

327 1455 429 1528 quam
447 1434 643 1523 Pompeium
664 1450 769 1498 novos
788 1428 920 1496 milites.
943 1433 1028 1495 Cum
1043 1427 1243 1495 adversariis
1260 1439 1375 1492 autem

327 1543 492 1638 pepigit⁶,
515 1560 570 1627 ut,
592 1541 737 1608 dimissis
756 1557 832 1608 octo
853 1539 1060 1630 legionibus,
1084 1537 1375 1632 Transalpinaque

326 1655 454 1735 Gallia,
481 1652 557 1720 duae
582 1651 644 1718 sibi
666 1650 836 1743 legiones,
860 1667 894 1716 et
913 1649 1083 1742 Cisalpina
1102 1652 1299 1742 provincia,
1321 1647 1375 1715 vel

326 1768 427 1832 etiam
445 1789 513 1831 una
529 1761 617 1852 legio
636 1783 713 1828 cum
735 1762 868 1854 illyrico
888 1759 1140 1843 concederetur,
1158 1758 1271 1855 quoad
1292 1763 1377 1826 Cou-

328 1876 381 1943 sul
395 1874 499 1941 fieret.

375 1989 475 2051 XXX.
502 1990 629 2050 Verum
644 2009 755 2079 neque
772 1988 896 2053 Senatu
909 1986 1191 2065 interveniente¹,
1211 1998 1246 2050 et
1259 1980 1378 2048 adver·

329 2096 423 2161 seriis
435 2092 652 2185 negantibus,
668 2094 772 2162 ullam
789 2119 823 2161 se
838 2093 880 2161 de
895 2093 1077 2186 Republica
1089 2091 1237 2159 facturos
1249 2094 1376 2185 pactio-

328 2337 442 2406 dppiuu.
453 2349 511 2404 cap.
525 2335 565 2385 ab.
581 2332 660 2386 Plura
670 2332 703 2386 de
715 2337 766 2386 isto
778 2334 827 2386 bo·
872 2337 986 2406 Appisu.
1004 2335 1053 2399 32,
1071 2335 1117 2405 qui
1136 2331 1163 2384 id
1177 2334 1256 2386 etiam
1270 2345 1377 2396 narrat,

329 2415 398 2464 mine
410 2409 470 2463 vide
487 2414 513 2462 in
530 2411 601 2463 Cluv.
619 2413 703 2464 Cicer.
716 2425 742 2464 et
757 2413 829 2486 apud
872 2414 1015 2466 Curionem
1031 2413 1114 2464 tribus
1131 2411 1225 2462 diebus
1237 2409 1311 2461 mille
1322 2421 1378 2462 sta-

328 2493 437 2562 intetpr.
451 2489 485 2541 sd
497 2489 562 2542 Coel.
574 2491 652 2561 epist.
667 2488 700 2541 ud
713 2490 765 2542 Cic.
780 2488 827 2558 (sd
873 2490 984 2544 discum
995 2492 1117 2544 trecentis
1126 2490 1159 2542 ad
1169 2486 1379 2541 afferendashes

328 2571 385 2622 Dis.
400 2569 474 2632 Vlll,
488 2566 532 2638 6).
873 2569 961 2622 literas
973 2587 988 2621 a
1000 2571 1102 2622 Cusum
1114 2570 1197 2622 luisse
1208 2584 1355 2620 emensum.

363 2648 388 2715 4.
408 2647 645 2720 Desiqnatosetiam
657 2647 789 2712 Conmles,
802 2649 831 2698 iu
909 2649 934 2702 6.
955 2650 1072 2722 reputa·
1092 2651 1111 2700 i.
1124 2665 1146 2700 e.
1163 2649 1316 2720 pactionem
1329 2646 1379 2699 ob-

329 2745 426 2779 sonum
436 2730 468 2778 U.
481 2727 547 2797 705;
562 2727 591 2777 L.
604 2724 754 2779 Cornelium
766 2729 831 2778 Len·
874 2728 950 2794 tulit,
967 2730 1066 2800 pacisci
1077 2727 1175 2791 voluit,
1192 2724 1240 2779 sed
1255 2741 1312 2778 nou
1328 2727 1379 2777 im-

327 2806 428 2873 tulum,
440 2821 467 2858 et
477 2808 507 2858 C.
517 2805 656 2859 Claudium
667 2805 829 2858 blaroellums
873 2811 1000 2878 petraslt,
1016 2819 1045 2858 ut
1055 2807 1123 2858 iufra
1131 2803 1218 2857 Vitell.
1233 2801 1273 2855 ιδ.
1287 2830 1323 2843 -
1335 2805 1379 2855 Hie

359 2883 830 2956 5.biteris.DuplicesCesssrisliteres
875 2901 936 2939 sttnt
954 2884 1034 2940 litere
1054 2885 1104 2936 illue
1121 2883 1232 2936 Geniis
1246 2881 1379 2952 μημίζιπ

329 2978 517 3016 commemorat
530 2963 598 3015 Plut.
614 2962 694 3032 (Ces.
709 2965 756 3030 30,
770 2963 828 3035 ³1).
874 2965 990 3021 &sanburn
1009 2964 1081 3036 apud
1100 2963 1170 3016 Plut.
1189 2964 1253 3014 Caes.
1272 2963 1325 3029 31,
1346 2961 1379 3015 de

329 3042 830 3114 Quarumtemsnaltereadpersionem
876 3045 971 3115 quibus
984 3043 1064 3096 modo
1076 3042 1185 3095 dietum.
1198 3044 1317 3114 Appiani.
1331 3042 1381 3108 32,

330 3139 390 3172 cam
403 3121 556 3173 adversariis
569 3122 714 3190 pertinent,
730 3121 763 3174 de
779 3137 829 3192 qua
876 3134 1032 3191 auctorest,
1044 3123 1174 3176 llarenuse
1186 3141 1269 3194 qaum
1282 3121 1381 3174 substi-

329 3200 438 3252 Sneton.
453 3211 553 3268 postes.
563 3199 685 3251 Ceterum
691 3199 752 3264 Dio,
760 3199 830 3264 XLl,
876 3205 963 3270 sisset,
976 3200 1032 3255 bec
1043 3203 1170 3254 Caesarem
1181 3200 1215 3252 de
1224 3217 1293 3272 pace
1304 3217 1381 3271 expe-

334 3278 450 3345 r,multo
463 3277 611 3330 accuratius
622 3287 727 3346 narret,
739 3281 832 3332 Curio-
875 3285 933 3348 rit-l,
952 3299 1033 3354 quam
1054 3297 1086 3334 er
1106 3281 1228 3332 Curionis
1249 3282 1380 3331 sententie

329 3375 392 3408 uem
406 3356 455 3409 bus
465 3356 553 3409 literas
565 3375 580 3408 a
592 3357 693 3410 Caesare
707 3369 830 3430 aceeptus
875 3363 996 3434 protinus
1014 3359 1048 3412 sd
1066 3359 1160 3412 urbem
1177 3377 1305 3432 pergere,
1325 3377 1380 3410 mu-

329 3435 440 3488 Kalend.
460 3437 518 3487 Jun.
533 3435 601 3506 706,
619 3438 695 3490 uovis
706 3438 830 3491 Cousuli·
875 3441 963 3494 luisse.
979 3442 1101 3493 Ceterum
1113 3439 1251 3510 Appianas
1262 3435 1312 3489 bas
1323 3438 1381 3489 lite·

329 3514 380 3567 bus
392 3513 515 3566 Comelio
531 3511 830 3570 [mantoncourt.
875 3539 917 3574 ras
934 3520 985 3572 illis
1002 3519 1104 3592 priores
1116 3519 1193 3585 facit,
1208 3520 1254 3589 qui
1269 3518 1380 3569 omniuo

329 3591 618 3660 Mersellotrndidisss,
628 3609 741 3667 eosque,
751 3609 831 3668 quum
876 3615 951 3670 eque
968 3617 998 3650 nc
1012 3595 1182 3662 Plutarchus,
1201 3611 1279 3667 quem
1293 3598 1382 3668 seqni-

330 3679 404 3746 prius
415 3676 525 3728 recitare
539 3691 583 3727 ees
596 3674 760 3738 noluissent,
774 3689 832 3727 tun·-
877 3692 932 3742 tur,
951 3679 979 3729 iu
994 3675 1158 3747 temporibus
1175 3673 1258 3726 multa
1278 3675 1381 3726 miscet.

330 3755 453 3824 demeQ.
462 3755 554 3807 Cassio
567 3755 688 3824 Longino
699 3769 724 3807 et
734 3755 832 3807 mun·
876 3784 912 3795 -
925 3749 1149 3826 Transalpinaque
1162 3752 1252 3806 Gallia
1260 3775 1269 3814 ,·
1284 3753 1381 3824 supple

331 3838 405 3886 tonio
422 3833 546 3886 Tribunis
563 3832 601 3904 pl.
618 3833 701 3885 luisse
715 3847 831 3887 coactos.
877 3834 952 3885 missa
966 3849 997 3883 ex
1012 3829 1179 3902 praecedente
1192 3829 1309 3883 dimissis.

330 3915 371 3966 Οἱ
386 3915 489 3966 inltlum
499 3913 568 3964 'Caes
583 3910 646 3962 llell.
662 3911 717 3964 civ.
728 3912 776 3964 ubi
791 3915 831 3964 vi·
911 3910 1383 3969 m.1.1nnneaiense;auaoun-
1415 3965 1425 3986 Ι

331 3994 398 4043 tiose
421 3991 482 4042 clim
504 3989 640 4060 legebatur
662 4012 668 4040 :
692 3989 795 4042 suteris
815 4009 831 4042 a
877 4005 901 4044 te
912 4009 960 4043 sua
970 3991 1155 4042 contentiones
1166 3987 1383 4040 adversariorum

332 4067 411 4120 Fabio
427 4067 588 4122 Consulibus
600 4067 745 4137 redditis„
760 4070 832 4142 quod
876 4068 1384 4136 cumCusaredlrimeute,auctoritarem

332 4147 459 4198 mmmm
475 4151 634 4200 recentiores
650 4147 711 4199 edd.
730 4165 831 4220 expun·
876 4147 1386 4222 interponente.-·Aslvennriis,·Cousu·

333 4239 441 4286 neruum
453 4223 519 4276 Plus.
530 4227 621 4295 Pomp.
634 4227 680 4293 593
692 4229 789 4280 Auton.
802 4225 831 4287 5;
877 4229 1078 4294 libusmaxirne,
1086 4225 1197 4280 Lentulo
1207 4239 1232 4279 et
1242 4225 1384 4279 Marcello.
