2982 5116
351 573 511 637 curav:
537 572 793 638 sucusros.
950 575 955 582 ·
1021 597 1084 662 277

64 721 160 792 quam
172 693 276 763 facilis
290 713 324 762 et
336 695 498 778 clemens,
512 695 635 764 multos
654 695 850 764 libertorum
865 699 900 762 in
916 695 1042 765 honore
1057 714 1090 765 et

63 831 124 874 usu
135 809 279 876 maximo
294 805 428 874 habuit:
447 824 485 874 ut
497 807 660 875 Licinium
673 805 877 874 Enceladum
887 824 915 889 ²,
928 806 1087 902 aliosque.

61 920 216 984 Cosmum
230 940 379 999 servum,
394 919 587 1008 gravissime
598 914 640 983 de
652 939 687 984 se
699 919 906 1008 opinantem,
921 940 989 984 uon
1004 916 1091 984 ultra

61 1051 159 1120 quam
172 1026 389 1120 compedibus
407 1030 563 1096 coercuit.
583 1025 797 1094 Diomedem³
813 1026 1091 1119 dispensatorem,

61 1161 80 1202 a
93 1159 159 1229 quo
172 1137 272 1208 simul
287 1136 497 1218 ambulante,
513 1140 695 1204 incurrenti
706 1151 842 1229 repente
855 1137 926 1204 fero
937 1160 1019 1230 apro
1032 1160 1093 1229 per

60 1263 184 1314 metum
205 1245 354 1340 objectus
377 1263 441 1330 est,
467 1247 584 1316 maluit
607 1247 789 1314 timiditatis
812 1270 968 1339 arguere,
991 1271 1093 1341 quam

60 1381 173 1440 noxae3
198 1381 336 1454 remque
356 1383 424 1426 non
444 1361 572 1428 minimi
592 1357 749 1451 periculi,
770 1361 848 1452 quia
868 1374 980 1426 tamen
1002 1358 1093 1424 fraus

59 1463 186 1548 aberat,
199 1469 234 1533 in
243 1465 357 1559 jocum
368 1468 477 1546 vertit.
494 1465 608 1534 tdemt
621 1465 801 1533 Proculum
810 1489 851 1532 ex
859 1467 1094 1557 acceptissimis

60 1573 183 1641 libertis
207 1579 291 1643 mori
314 1579 435 1668 coegit,
460 1592 668 1668 compertum
689 1574 877 1642 adulterare
900 1590 1092 1641 matronas:

59 1683 195 1767 Thallo,
208 1711 228 1752 a
237 1710 354 1768 manu,
367 1684 458 1781 quod
469 1711 531 1780 pro
541 1685 679 1778 epistola
693 1683 822 1776 prodita
834 1683 987 1751 denarios
1001 1685 1096 1776 quin-

59 1811 174 1884 gentos
192 1799 390 1887 accepisset,
410 1796 524 1863 crura⁵
546 1796 653 1887 fregit.
677 1793 897 1887 Pasdagogum
913 1795 1096 1860 ministros·

60 1929 123 1998 que
136 1908 207 1972 Caii
222 1904 296 1986 lilii,
310 1930 371 1999 per
384 1911 593 2006 occasionem
612 1905 811 1974 valetudinis
827 1907 1009 1999 mortisque
1022 1900 1095 1995 ejus

59 2015 202 2108 superbe
215 2041 381 2110 avareque
395 2022 429 2084 in
443 2021 613 2109 provincia
628 2035 808 2110 grassatos,
826 2012 989 2085 oneratis⁶
1006 2017 1098 2105 gravi

59 2126 207 2218 pondere
219 2127 417 2209 cervicibus,
433 2131 652 2220 praecipitavit
665 2131 699 2194 in
714 2127 851 2194 llumen.

101 2241 253 2312 LXVIII.
280 2241 403 2304 Prima¹
430 2235 568 2328 juventa
596 2241 762 2304 variorum
792 2233 994 2303 dedecorum
1016 2233 1099 2300 insa·

58 2451 168 2508 spectat.
184 2443 225 2492 lta
236 2440 301 2492 cas.
317 2455 359 2508 η,
377 2460 389 2484 ι
399 2439 500 2492 libertos
515 2442 556 2491 in·
600 2441 751 2510 Sequuntur
756 2441 811 2508 jam
821 2437 872 2489 alia
884 2437 1036 2489 severitatis.
1044 2435 1098 2507 Op

60 2536 134 2588 super
144 2519 307 2590 seruulosque
318 2521 461 2590 cujusque,
474 2531 556 2588 prout
601 2520 760 2589 positionem
776 2529 850 2568 notat
867 2514 894 2566 h.
912 2515 928 2565 l.
947 2532 996 2564 vox
1008 2513 1096 2578 Idem,

58 2596 161 2650 domino
178 2607 324 2669 patronoue
338 2610 427 2670 gratus
444 2600 502 2668 quis
514 2615 556 2649 es·
601 2609 629 2648 ut
641 2598 703 2650 Cres.
719 2596 760 2649 58.

59 2689 96 2728 set
106 2701 117 2723 s
132 2677 385 2750 (prosequebatur).
638 2677 662 2728 5.
680 2678 758 2728 Crura
765 2674 855 2748 fregit.
870 2671 972 2742 Vulgo,
985 2669 1098 2743 effregit.

93 2774 116 2808 a.
131 2757 165 2808 Ut
172 2757 303 2808 Licinium
310 2757 480 2809 Enceladum.
489 2755 556 2807 Con·
601 2760 717 2811 Gronov.
731 2769 757 2808 et
769 2752 941 2822 Oudendorp.
956 2749 1112 2818 dederunt,¹

56 2839 436 2908 junximusutrumquenomen
444 2839 557 2888 utuuius
603 2834 737 2886 Thallo...
750 2851 826 2885 crura
839 2829 964 2903 eifrepit,
977 2827 1100 2900 pleonas-

58 2913 186 2980 bominis,
197 2913 559 2967 exsecrantiaCasauboniet
602 2933 645 2964 mo
661 2931 716 2965 non
729 2908 848 2962 ferendo.
867 2909 988 2977 Namque
1007 2909 1033 2958 in
1053 2907 1100 2971 iis,

59 2994 197 3058 Oudend,
211 2997 254 3046 cui
264 2995 353 3066 plures
363 2994 448 3048 Codd.
461 2996 557 3046 favent.
604 3012 660 3063 quae
671 3012 701 3044 ex
710 2993 776 3060 Aug.
786 2990 821 3058 94
831 2989 992 3051 afferuntur,
1005 3007 1016 3032 a
1022 3003 1101 3056 prau-

1 3113 9 3126 .
57 3075 95 3126 De
104 3074 209 3148 reliqua
220 3073 339 3125 lectionis
351 3077 474 3125 varietate
485 3085 509 3124 et
522 3074 558 3123 vi·
603 3072 713 3122 denti...
725 3067 815 3139 aquila
824 3084 919 3138 panem
934 3066 958 3117 ei
967 3082 1046 3116 mauu
1059 3082 1101 3115 ra·

59 3170 145 3204 rorum
168 3151 311 3203 doctorum
334 3150 504 3224 opinionibus
525 3149 558 3201 de
602 3150 695 3219 puit,»
719 3148 743 3198 ei
762 3157 855 3216 posset
875 3142 981 3214 quidem
1001 3143 1102 3205 omitti,

59 3230 211 3283 bominibus
225 3231 345 3283 obscuris
360 3249 490 3302 exponere
505 3249 557 3281 non
603 3227 713 3279 sednon
726 3243 834 3296 prorsus
845 3237 884 3276 est
894 3239 1100 3294 supervacuum:

60 3313 158 3362 attinet.
168 3311 285 3362 Wollius
295 3309 390 3380 probat
399 3308 560 3362 emendatio·
604 3320 642 3358 est
656 3308 681 3358 ei
686 3345 694 3369 ‚
711 3330 721 3351 u
731 3305 793 3357 dum
807 3302 965 3374 prandebat3
975 3325 986 3347 s
1002 3301 1101 3352 Domit.

58 3407 116 3440 nem
135 3388 337 3459 Oudendorpii,
353 3387 489 3452 Licinum,
504 3387 559 3438 Eu·
604 3385 633 3449 3,
647 3384 692 3435 ubi
707 3397 759 3449 est,
776 3399 905 3433 aurorem
920 3380 1100 3431 Domitiam...

60 3487 131 3535 num,
141 3467 275 3534 Celadum,
286 3466 501 3538 inscriptionibus
509 3465 559 3516 fut·
603 3463 750 3515 eandem...
762 3460 924 3532 repudiavit,
934 3484 944 3506 a
956 3474 1103 3528 pronomen

60 3559 119 3599 tam.
133 3547 251 3599 licinius
264 3548 375 3618 Augusti
386 3544 494 3596 libertus
507 3563 559 3596 me·
604 3544 710 3595 eandem
734 3562 808 3594 suam
831 3541 913 3592 habet
935 3537 1103 3610 significatio·

60 3641 179 3678 moratur
193 3626 313 3677 Macrob.
327 3627 364 3691 ΙΙ,
378 3625 403 3692 4.
603 3642 663 3674 nem
674 3645 679 3673 :
692 3634 730 3673 est
739 3623 807 3672 enim
820 3631 905 3672 tamen
913 3637 983 3682 eam,
994 3618 1033 3667 uti
1040 3632 1103 3686 prte-

93 3707 117 3756 3.
137 3707 365 3776 Dispensatorem
385 3706 422 3755 rei
440 3702 560 3754 familiari
604 3701 1099 3774 cedensexqua«quemquamne,-

60 3787 231 3853 praefectum,
246 3787 291 3855 qui
306 3785 433 3854 pecunias
450 3783 559 3833 maxime
606 3799 683 3850 quam
697 3781 767 3830 voris
782 3777 849 3828 idem
865 3779 915 3828 viru
931 3771 1010 3824 modo
1026 3784 1103 3822 uota·

60 3863 233 3916 collocandas
252 3865 370 3916 curabat.
390 3862 507 3914 Macrob.
523 3864 561 3929 ll,
604 3859 697 3908 vimus.

59 3939 90 4006 4:
107 3943 331 4014 «dispensatorem
344 3942 560 4004 Caesarrocarit,
640 3937 665 3988 6.
689 3936 804 3988 oneratis
815 3934 889 4005 graui
900 3927 1104 4002 pondereceroi-

60 4033 84 4069 ot
108 4021 159 4071 HS.
185 4034 291 4072 centum
318 4018 398 4070 millia
425 4037 560 4070 numerare
605 4010 1112 4078 cibus,etr.lllustrathocmurorum,

60 4095 182 4148 Graeculo
191 4100 302 4166 jussit.»
604 4097 650 4162 μοῦ
668 4094 826 4165 supplicium
841 4089 960 4163 pluribus
980 4086 1105 4157 exemplis

95 4178 119 4244 4.
139 4181 231 4243 Idem,
243 4193 292 4229 eto.
306 4179 438 4230 Hactenus
450 4176 561 4227 facilita-
606 4175 715 4228 Casaub.
730 4169 801 4224 adh.
816 4169 833 4220 l.

62 4259 94 4310 tis
104 4272 186 4331 atquo
198 4258 339 4310 clementiae
352 4253 560 4327 exempladedit.
640 4254 750 4304 LXVllI.
774 4268 796 4302 1.
813 4251 903 4302 Prima
909 4250 1039 4320 juventa,
1053 4258 1103 4296 etc.
