3040 5118
382 538 448 630 298
751 537 787 600 G.
814 535 1046 603 SUETONH

380 667 557 746 cinnitate,
578 681 612 732 et
636 664 912 734 areconditorum
930 665 1150 748 verborum,=
1175 682 1214 733 ut
1233 668 1305 758 ipse
1325 663 1418 748 dicit,

386 805 400 834 a
411 772 599 842 foetoribus:
611 804 624 835 s
638 776 910 869 praecipuamque
922 799 1040 842 curam
1051 772 1160 857 duxit,
1174 797 1310 841 sensum
1321 777 1417 840 animi

382 909 486 979 quam
500 888 706 977 apertissime
718 888 923 978 exprimere:
939 885 1028 982 quod
1041 909 1109 980 quo
1120 883 1250 952 facilius
1262 883 1419 964 efficeret,

382 1013 442 1064 aut
452 996 573 1065 necubi
584 971 743 1064 lectordm
753 997 807 1065 vel
818 997 1008 1066 auditorem
1021 996 1216 1065 obturbaret
1228 1019 1268 1063 ac
1279 1019 1420 1062 morare·

383 1123 450 1188 tur,
469 1116 600 1202 neque²
612 1094 863 1202 praepositiones
877 1107 989 1177 verbis
1003 1107 1144 1190 addere,
1163 1132 1276 1202 neque
1289 1103 1421 1197 conjun-

384 1221 510 1288 ctiones
529 1221 651 1311 saepius
670 1222 791 1287 iterare
812 1220 991 1304 dubitavit,
1014 1245 1089 1316 quae
1107 1218 1267 1287 detracta
1284 1218 1420 1290 afferunt

384 1327 511 1423 aliquid
528 1328 757 1416 obscuritatis,
777 1334 838 1399 etsi
859 1334 1001 1423 gratiam
1019 1347 1153 1424 augent.
1177 1324 1378 1397 Cacozelos³
1395 1341 1421 1394 et

385 1443 608 1533 antiquarios,
620 1457 659 1508 ut
668 1441 800 1512 diverso
812 1465 935 1535 genere
946 1445 1097 1523 triticeos,
1111 1445 1184 1534 pari
1194 1437 1329 1507 fastidio
1341 1461 1422 1530 spre-

385 1553 451 1634 vit,
465 1551 719 1647 exagitabatque
733 1577 996 1649 nonnunquam:
1011 1556 1046 1620 in
1059 1549 1197 1645 primis⁴
1210 1556 1420 1620 Maecenatem

387 1779 887 1853 Oudendorpio,Ernestie,Wollio,et
930 1783 966 1835 cd
982 1780 1112 1854 aliquem,
1132 1793 1302 1852 propuqnene
1316 1795 1364 1847 pro
1380 1773 1422 1826 ali·

386 1857 546 1912 intellectam
565 1859 598 1912 de
619 1865 726 1932 quaesito
745 1865 887 1916 sententia·
931 1883 995 1934 pao,
1012 1862 1145 1916 inscribere
1160 1856 1267 1932 aliquid
1279 1857 1309 1908 in
1323 1854 1389 1920 loco,
1401 1854 1422 1902 io

388 1955 447 1989 rum
457 1952 552 1992 ornatu
564 1957 594 1990 ex
607 1940 757 2008 antithetis,
768 1941 886 1994 similitu·
931 1939 983 1992 boc
997 1959 1052 1991 uno
1070 1955 1175 2003 emens,
1197 1933 1273 2008 quod
1287 1933 1322 1986 de
1341 1949 1423 2002 genere

387 2015 449 2068 dine
460 2017 654 2084 membrorum,
669 2020 823 2088 verborum,
836 2035 886 2072 etc.
932 2015 1074 2090 eloquendi
1085 2031 1202 2083 tanturn,
1212 2033 1269 2066 non
1282 2013 1318 2064 de
1327 2013 1423 2081 scriptu·

388 2094 529 2163 Ceterum,
549 2095 657 2149 laudant
678 2097 785 2152 dicendi
803 2118 887 2170 genus
932 2117 961 2150 ra
979 2098 1133 2150 Suetonium
1152 2095 1227 2166 loqui
1245 2089 1391 2145 contendit.
1405 2089 1424 2139 le

389 2172 500 2242 Augusti
509 2175 592 2226 Tacit.
606 2177 674 2227 Aen.
684 2179 758 2245 Xlll,
770 2179 799 2245 3,
814 2202 826 2225 ι
834 2181 887 2230 Au·
932 2180 1000 2230 enim
1011 2176 1119 2228 disertas
1135 2172 1312 2226 eautnecubi
1320 2171 1424 2223 lectoren

389 2257 766 2332 qustopromtaacprofluens,
777 2257 889 2329 quede-
932 2257 973 2308 vel
993 2257 1135 2309 auditorem
1155 2251 1322 2306 obturbaret
1334 2275 1345 2296 ι
1362 2251 1426 2302 θείε-

389 2344 461 2382 ceret
471 2333 632 2406 Principem,
642 2333 791 2407 eloquentia
801 2337 885 2399 fniu-
932 2354 990 2388 rum
997 2373 1005 2400 ,
1012 2333 1157 2404 fragmenta
1165 2331 1281 2404 Augusti
1289 2330 1366 2382 nimis
1373 2345 1426 2398 peu·

389 2423 416 2464 et
431 2408 498 2462 Gell.
515 2411 555 2477 X,
572 2412 620 2479 24,
639 2415 739 2466 -oivua
752 2416 888 2489 Augustus
934 2434 964 2468 ca
976 2429 1039 2468 sunt
1050 2428 1129 2486 etque
1138 2415 1249 2484 exigua,
1262 2429 1348 2483 quam
1358 2423 1385 2462 ut
1395 2425 1426 2458 er

391 2485 489 2562 linque
502 2491 602 2543 Latinae
614 2510 667 2543 non
684 2496 794 2560 nescius,
812 2514 890 2547 mun·
934 2510 1059 2567 gumenta
1080 2514 1112 2547 ex
1131 2496 1163 2546 iis
1182 2504 1278 2545 contra
1298 2490 1368 2543 banc
1384 2488 1427 2539 loci

391 2567 515 2620 ditiamm
528 2573 610 2642 patris
627 2573 668 2623 sui
682 2575 710 2624 in
724 2573 890 2626 sermonibus
934 2575 1179 2646 interpretationem
1190 2572 1248 2642 peti
1259 2581 1369 2639 queant.
1379 2570 1430 2619 lire·

390 2657 529 2712 sectatum
551 2661 577 2700 et
594 2651 651 2715 XV,
671 2667 696 2719 7,
715 2651 761 2702 ubi
774 2651 890 2724 epistolis
935 2656 1001 2706 mins
1011 2657 1038 2705 in
1048 2666 1119 2705 textu
1128 2650 1202 2704 dedit
1211 2651 1328 2714 urbibus,
1339 2648 1429 2699 innon

390 2724 424 2776 D.
437 2726 565 2796 Augusti,
580 2746 645 2799 quas
659 2728 693 2781 ad
705 2729 796 2781 Caium
808 2749 893 2801 nepo·
936 2733 1057 2786 defendit
1071 2735 1158 2785 uerbis.

391 2814 444 2853 tem
456 2821 533 2854 sunm
547 2807 665 2876 scripsit,
679 2807 802 2860 tribuitur
816 2809 892 2861 nele-
972 2814 997 2866 3.
1019 2810 1160 2864 &roselon
1178 2806 1292 2876 Quintil.
1312 2805 1389 2867 Vlll,
1404 2803 1430 2866 3,

391 2882 481 2948 gantis
495 2885 621 2936 orationis
633 2903 720 2957 neque
732 2905 837 2940 morosa
848 2905 893 2939 ne·
938 2891 971 2944 56
979 2913 986 2943 ι
995 2913 1006 2938 ι
1014 2886 1250 2958 καδξιλοι,ἰᾱειῑ,
1258 2883 1432 2937 malaaflecta·

393 2977 444 3030 que
456 2963 546 3028 anxie,
559 2963 607 3015 aed
617 2964 700 3018 facilis
713 2981 738 3019 et
750 2966 867 3038 simplex.
878 2990 889 3015 ι
937 2973 974 3022 tio
982 2988 1030 3042 per
1039 2986 1117 3020 omne
1127 2966 1236 3020 dicendi
1243 2982 1330 3036 geum
1339 2972 1429 3034 peccat·

392 3036 548 3107 Exemplum
557 3042 712 3112 improbate
721 3046 812 3097 forme
824 3048 893 3098 inso-
937 3049 1006 3101 Nam
1019 3061 1045 3100 et
1057 3047 1176 3112 tumida,
1191 3059 1217 3098 et
1229 3044 1325 3108 exilia,
1340 3055 1367 3093 et
1377 3057 1432 3112 pre·

391 3113 512 3167 lentioris
524 3115 568 3168 dat
581 3119 736 3185 Quintilian.
753 3127 780 3190 1,
796 3123 829 3188 6,
846 3140 892 3193 19:
938 3126 1039 3192 dulcia,
1049 3122 1432 3189 etabundantia,etarcessitc‚

396 3217 408 3240 ι
418 3193 551 3264 Augustus
565 3215 671 3268 quoque
688 3203 715 3252 iu
729 3202 847 3273 epistolis
861 3201 894 3254 ad
938 3221 964 3259 et
971 3205 1146 3272 exsultantia,
1156 3202 1206 3256 sub
1213 3202 1286 3255 idem
1296 3213 1433 3252 nomenta-

394 3276 894 3354 G.Caesurernscriptitemendat,quod
938 3285 1014 3337 dunt.
1038 3286 1159 3356 Denique
1185 3279 1313 3350 ιιιὸξιλον
1334 3287 1434 3330 vocam

394 3355 416 3405 is
434 3353 540 3406 caldum
557 3355 662 3425 dicere,
681 3378 759 3430 quarn
778 3362 893 3415 calidum
940 3361 1067 3435 quioquid
1081 3377 1122 3416 est
1138 3362 1207 3414 ultra
1218 3363 1361 3424 virtutem,
1377 3371 1432 3426 qut·

395 3433 469 3485 malit
480 3433 585 3506 (Spald.
601 3451 694 3490 contra
706 3437 796 3508 dedit,
812 3442 894 3495 eceli·
938 3443 986 3492 ties
996 3441 1131 3509 inqenium
1138 3437 1243 3509 judicio
1254 3449 1341 3502 caret,
1354 3449 1433 3504 etspr

395 3514 456 3565 dum
466 3511 568 3582 dicere,
578 3534 658 3588 quam
667 3517 771 3570 caldum
777 3557 786 3585 ,
798 3544 809 3568 ι
822 3520 896 3593 quod
939 3521 979 3570 cie
993 3518 1057 3570 boni
1072 3518 1190 3578 fellitum
1211 3517 1335 3568 omniurn
1350 3515 1377 3564 in
1389 3511 1433 3562 elo·

395 3592 438 3643 vix
455 3591 656 3666 probandum),
675 3615 730 3646 non
749 3596 895 3668 quiaillud
940 3599 1049 3668 quentia
1066 3599 1190 3649 vitiorum
1211 3596 1388 3666 pessimum·
1406 3615 1433 3628 -·

396 3689 451 3723 non
461 3674 494 3724 sit
502 3673 638 3740 Latinum,
649 3675 696 3727 sed
706 3678 767 3747 quia
778 3679 812 3729 sit
821 3677 896 3729 odio·
940 3676 1092 3748 Antiquorii
1100 3689 1178 3741 sunt,
1189 3675 1236 3746 qni
1246 3673 1330 3726 verba
1338 3673 1434 3722 tomas

397 3770 469 3818 eum,
485 3767 529 3821 et,
544 3769 574 3807 ut
590 3759 647 3826 ipse
659 3756 748 3809 Graeco
762 3757 843 3811 verbo
860 3761 895 3812 si·
940 3774 993 3828 que
1012 3757 1134 3825 antiquas
1148 3768 1175 3805 et
1194 3752 1332 3806 obsoletas
1350 3753 1377 3800 in
1388 3763 1434 3799 ser·

396 3829 543 3900 unificavit,
555 3845 706 3906 cepimus.-
940 3852 1019 3886 mone
1032 3847 1176 3886 sectantur.

435 3927 460 3959 a.
469 3911 562 3984 Neque
566 3917 759 3987 praepositiones
765 3915 843 3968 cerlis
851 3918 896 3968 ed·
975 3913 1001 3978 d·
1019 3912 1054 3964 In
1064 3913 1158 3986 primis
1170 3913 1359 3973 Moeoenalemi
1369 3919 1434 3978 ‘luem

398 3983 465 4036 dere.
483 3987 565 4043 Graan.
582 4005 608 4043 et
625 3992 739 4045 Gronov.
759 3991 897 4044 edidenrnt
939 3991 1031 4044 Senec.
1046 3993 1128 4062 Epist.
1148 3989 1232 4056 xcss,
1251 3988 1403 4060 singenium
1415 3991 1435 4029 εἰ

400 4061 500 4114 urbibus
512 4085 563 4136 pro
577 4070 669 4137 uerbis,
685 4084 844 4144 secutusque
858 4084 897 4124 est
940 4069 1040 4141 grande
1050 4084 1077 4122 et
1086 4069 1159 4122 virile
1169 4067 1299 4120 habuisse
1308 4065 1384 4128 dicit,
1395 4059 1435 4113 uisi

399 4137 898 4203 Ernestssenuinumesseverbisdocet
931 4149 1008 4202 sillud
1027 4167 1118 4203 secum
1137 4148 1342 4208 discinxissen·
1359 4141 1434 4209 θῑΕΡ·

401 4215 498 4286 wolfi,
512 4235 538 4273 et
550 4225 626 4278 affert
638 4229 748 4301 exempli
757 4231 817 4282 loco
828 4230 898 4283 adire
917 4287 920 4294 ,
942 4231 1038 4282 CXIV:
1057 4247 1132 4281 enon
1148 4230 1234 4280 oratio
1248 4231 1306 4298 ejus
1317 4239 1388 4295 aeque
1398 4235 1434 4268 ⁵⁰·
