3026 5122
383 557 447 638 134
751 553 787 616 C.
813 555 1047 624 SUETONll

379 687 478 752 tionis
492 682 567 750 loco
583 677 710 746 (lousul
724 680 890 750 Antonius
909 703 971 774 per
982 703 1176 775 praecum
1193 687 1419 776 prununciavit

378 789 762 873 Senatuseonsultumfl,
789 815 859 886 quo
881 796 993 862 omnia
1016 795 1047 862 ai
1069 790 1180 864 divina
1203 795 1419 892 simulatque

378 907 529 974 humana
549 902 765 971 decreverat:
788 907 868 975 item
886 902 1145 1000 jusjurandum,
1168 933 1239 1004 quo
1260 933 1298 978 so
1317 914 1420 980 uincti

379 1043 442 1112 pro
463 1017 571 1085 salute
590 1017 690 1082 unius
710 1018 960 1085 astrinxerant:
985 1018 1140 1114 apribus¹²
1160 1045 1333 1115 perpauca
1352 1048 1371 1090 a
1389 1045 1419 1090 se

377 1129 481 1197 verba
494 1123 631 1194 addidit.
648 1130 789 1194 Lectum
800 1123 824 1164 ¹³
841 1151 903 1220 pro
919 1133 1048 1198 Rostris
1062 1134 1098 1202 iu
1113 1137 1237 1200 Forum
1255 1136 1420 1225 magistra·

378 1257 433 1306 tus
449 1255 481 1305 et
499 1236 683 1305 honoribus
702 1237 808 1304 functi
823 1237 1026 1308 detulerunt.
1047 1246 1157 1328 Quem
1173 1267 1283 1337 quum
1297 1267 1374 1337 pars
1390 1247 1419 1310 in

376 1349 555 1444 Capitolini
576 1352 669 1417 Jovia
686 1349 774 1425 celle
795 1373 965 1435 cremare,
986 1377 1066 1445 para
1085 1357 1122 1422 in
1139 1357 1239 1423 Ciuis
1261 1357 1418 1449 Pompeii,

377 1459 577 1542 destinaret,
597 1475 735 1553 repente
745 1459 769 1510 ¹⁴
788 1460 856 1532 duo
875 1459 1032 1557 mudum,
1053 1464 1170 1556 gladiis
1189 1469 1370 1548 meinati,
1386 1487 1419 1533 ac

377 1573 454 1640 bina
472 1569 584 1665 jacula
604 1586 795 1664 gestantes,
814 1569 1010 1642 ardentibus
1032 1579 1136 1644 cereis
1155 1576 1418 1658 succenderun13

415 1825 455 1859 tt.
475 1804 748 1868 Senatuscousultum3
761 1823 812 1877 quo
824 1825 878 1858 om·
923 1813 1012 1862 tonius
1023 1808 1078 1861 hec
1090 1825 1191 1878 namet,
1203 1829 1259 1862 non
1274 1809 1379 1864 relative
1390 1808 1418 1860 ad

376 1891 422 1939 nia
440 1888 466 1938 ei
484 1887 591 1948 divina,
616 1895 667 1935 etc.
691 1881 758 1934 Vide
780 1901 878 1954 supra,
924 1887 1252 1959 precedentis.Videutur
1268 1903 1356 1942 tamen
1372 1887 1418 1940 liet

376 1985 435 2037 cap.
452 1966 486 2035 76
499 1977 525 2016 et
537 1965 579 2035 78.
924 1967 1235 2042 ascriptorealienoloco
1243 1972 1418 2031 narrar-imam

414 2065 455 2100 ra.
476 2047 574 2118 Quibus
586 2061 717 2117 perpauca
728 2065 744 2093 ιι
761 2063 787 2095 se
805 2046 878 2096 verba
923 2047 1021 2100 lectum
1033 2050 1061 2101 in
1073 2051 1142 2102 Foro
1154 2051 1238 2102 fuisse
1251 2050 1419 2112 collocatum,

376 2127 485 2180 addidit.
498 2127 549 2179 Dio
563 2123 671 2196 longam
688 2125 798 2178 Antonii
818 2141 878 2175 ora·
922 2145 1004 2198 supra
1019 2129 1074 2198 jam
1094 2127 1206 2181 dixerat.
1219 2129 1307 2198 Quod
1322 2127 1355 2179 ad
1372 2143 1418 2177 reu

374 2211 474 2264 tionem
496 2205 618 2270 exhibet,
639 2206 733 2269 XLIV,
756 2203 877 2272 36-50,
925 2211 1032 2277 attinet,
1046 2211 1083 2261 ita
1097 2209 1232 2279 Augustus
1250 2233 1262 2256 ι
1274 2211 1418 2264 Senatorum

375 2309 455 2362 quam
468 2289 562 2341 falsam
574 2298 601 2338 et
617 2285 650 2337 ad
666 2286 801 2338 arbitrium
815 2301 878 2336 con·
922 2287 1038 2342 humeris
1049 2287 1152 2342 delatus
1162 2292 1189 2340 in
1199 2309 1327 2361 campum
1337 2312 1348 2336 ι
1360 2286 1418 2357 (Δι-

376 2369 465 2424 fictam
472 2367 575 2438 judicat
586 2365 700 2418 Gnsaub.
712 2385 743 2418 ex
755 2365 807 2417 hoo
816 2365 879 2418 Sue·
923 2383 991 2436 gunt.
1014 2371 1096 2442 too),
1115 2380 1141 2420 et
1159 2370 1315 2421 Germanici
1333 2367 1419 2420 cineret

374 2451 442 2503 tonii
454 2449 528 2515 loco,
544 2459 570 2501 et
583 2447 698 2518 Appian.
717 2443 775 2510 ¹4⁵·
787 2443 878 2496 Malit'n
924 2449 1097 2501 Tribunatum
1121 2449 1361 2521 Centuricrlumquc
1378 2445 1419 2496 bu·

374 2542 465 2581 tamen
484 2547 543 2580 cnm
560 2525 663 2578 Fabrio.
679 2522 712 2575 ad
725 2523 803 2595 Dion.
819 2521 836 2574 Ι.
853 2541 876 2574 c.
922 2529 1246 2600 merirportutiaTacito‚
1260 2529 1418 2591 damula,

374 2607 523 2680 (preeunte
532 2605 636 2657 heines.
645 2605 707 2656 Var.
715 2604 787 2655 Lect.
796 2605 820 2668 l,
830 2604 878 2675 αι)
923 2604 1056 2670 dicuntur,
1070 2625 1152 2677 quum
1166 2601 1330 2678 plerumque
1342 2625 1356 2656 a
1366 2621 1418 2675 pro·

373 2705 405 2738 ex
415 2686 498 2739 Cicer.
507 2683 621 2756 Philipp.
633 2685 669 2749 tl,
679 2679 728 2746 36,
738 2680 799 2747 uhi,
811 2704 821 2728 ι
833 2693 878 2735 tua
922 2688 1044 2758 pinquis,
1054 2685 1097 2738 vel
1105 2684 1263 2751 heredibus,
1274 2683 1417 2737 autlibertia

371 2765 420 2818 illa
434 2763 547 2836 pulchra
561 2762 696 2827 laudatio,
710 2773 755 2814 tua
770 2762 877 2813 misere·
922 2765 978 2820 fleri
996 2766 1023 2818 id
1038 2765 1144 2818 soleret.
1162 2767 1233 2818 Dum
1248 2764 1311 2817 hec
1325 2761 1417 2824 scribo,

372 2844 425 2902 tio,
434 2841 654 2894 tuacohortatio»
664 2839 735 2912 (coll.
744 2837 876 2892 Plutarch.
920 2845 981 2898 talis
998 2845 1086 2898 honos
1100 2848 1150 2897 civi
1163 2845 1196 2897 de
1210 2844 1314 2896 civibus
1330 2843 1418 2912 optime

373 2920 445 2972 Brut.
468 2937 516 2987 20,
536 2934 562 2972 et
580 2923 678 2973 Anton.
698 2923 745 2988 14,
766 2923 878 2994 ipsaque
922 2925 1276 2997 meritoredditurmptnm
1289 2933 1419 3001 prematu-

372 2997 657 3069 Appianinarratione‚
665 3002 813 3071 queinstar
820 3018 877 3052 ora·
922 3007 1236 3078 „monopedtiasimnm
1245 3007 1311 3056 artis
1322 3001 1418 3056 medie!

370 3077 451 3128 tionis
475 3079 537 3129 satis
560 3076 645 3150 longte
665 3080 774 3130 Antonii
796 3079 877 3131 verba
921 3087 1099 3157 professorem
1107 3082 1420 3161 publBlclordsttmmit·

373 3153 447 3226 ⁸P¹²<l
465 3157 546 3208 funus
559 3157 641 3209 fuisse
659 3156 804 3226 θδίθΰᾶῖῑ),
824 3171 876 3210 ⁸1⁸·
921 3168 956 3218 sis
975 3166 1091 3220 humeris
1110 3164 1234 3238 ¹discipuli
1253 3165 1289 3218 ad
1307 3163 1419 3216 ultimam

371 3246 463 3301 tuere,
481 3235 563 3287 fnisse
581 3234 689 3307 quidem
706 3241 763 3308 ejus
778 3239 877 3288 oratio·
921 3239 1418 3312 “damascenum-Quintil.lustvi,

372 3324 453 3378 rtem,
479 3313 654 3383 interruptum
675 3317 751 3366 variis
775 3314 875 3370 artibut
924 3323 1056 3390 1‚3t,de
1071 3323 1178 3376 funebri
1191 3323 1301 3376 oneraris
1313 3335 1417 3395 pompa:

372 3392 585 3464 spectaculisque
616 3391 650 3443 ad
680 3395 875 3448 miserationem
923 3401 1075 3476 «populum
1085 3403 1234 3455 Romanam
1247 3403 1301 3472 egit
1315 3403 1343 3453 in
1354 3400 1418 3450 furo

371 3471 550 3544 comparatis,
573 3483 725 3522 exornatam
747 3483 835 3524 tamen
859 3492 875 3525 a
919 3497 975 3533 rem
985 3476 1417 3552 praetextsC.Goesa1-isprolatain

370 3552 458 3603 Dione
469 3553 528 3603 etin
536 3570 593 3604 eam
603 3553 730 3618 formam,
741 3571 793 3622 qua
804 3552 876 3625 apud
919 3559 1417 3615 Forocruenta.Sciebaturinterl'ectum

372 3648 432 3682 cum
442 3631 548 3704 legitur,
558 3633 727 3704 antiquorum
738 3629 875 3684 historico·
921 3658 994 3693 eum:
1007 3660 1105 3714 corpus
1114 3641 1229 3718 denique
1240 3641 1328 3712 ipsum
1339 3639 1417 3708 impo-

372 3727 428 3760 ΝΠ)
442 3729 515 3763 m0re
527 3713 712 3781 comp0⁸itm
919 3719 998 3772 situm
1016 3719 1086 3774 lecto
1102 3733 1178 3774 erat:
1199 3730 1227 3771 at
1240 3719 1320 3771 vestis
1335 3729 1415 3768 tanen

409 3789 449 3840 13.
471 3791 576 3844 Lectum
585 3809 633 3862 pro
644 3790 766 3844 ltostn's...
778 3791 874 3843 detule-
919 3796 980 3865 illa,
995 3801 1123 3870 sangnine
1137 3797 1264 3862 madens,
1278 3799 1316 3848 ita
1329 3811 1416 3866 repre·

370 3880 445 3930 ‘unu
459 3872 476 3920 i.
493 3892 517 3925 c.
534 3871 695 3936 detulerant,
715 3884 741 3923 et
759 3889 808 3942 pro
823 3873 875 3923 tto·
919 3878 1030 3929 scotavit
1040 3877 1181 3950 imaginem
1192 3875 1313 3942 sceleris,
1326 3887 1416 3926 utnon

371 3951 432 4000 atris
447 3953 501 4005 sire
516 3967 576 4007 ante
592 3955 687 4007 Rostra
702 3953 730 4005 in
745 3952 876 4005 Forode-
919 3957 1200 4022 contemnemur,
1213 3955 1325 4008 sedtum
1338 3951 1415 4006 maxi·
1504 3955 1505 3960 ’

368 4041 528 4094 posueram
540 4031 581 4085 vel
595 4031 690 4086 lectum
701 4049 750 4104 pro
764 4031 873 4097 Rostris,
918 4050 962 4085 me
972 4034 1057 4086 occidi
1071 4033 1212 4087 videretur.
1225 4058 1236 4080 ι

368 4103 387 4156 ἰ.
404 4124 426 4156 e.
444 4110 490 4178 qni
507 4125 567 4164 ante
582 4113 677 4165 Rostra
690 4126 783 4186 postea
800 4123 871 4178 erat,
957 4115 996 4181 tl.
1018 4113 1132 4187 Repente
1151 4115 1202 4166 duo
1223 4111 1349 4185 quidam,
1368 4121 1413 4162 etc.
1504 4143 1505 4154 .

368 4186 564 4253 magistratus...
578 4187 740 4242 detulerunt.
752 4189 871 4259 'tapinos
916 4190 1010 4261 procul
1021 4191 1103 4243 dubio
1113 4189 1148 4244 ad
1157 4191 1186 4243 id
1195 4191 1322 4257 instituti,
1332 4202 1361 4242 ut
1370 4189 1413 4240 Gt-

370 4262 410 4314 rel
420 4261 555 4330 absolute,
568 4280 693 4320 mouente
702 4247 797 4335 wilt,
808 4270 871 4322 Sue·
916 4271 996 4322 storia
1006 4269 1153 4323 etPolluu's
1163 4271 1279 4342 speciem
1287 4279 1412 4340 gererem·
1503 4303 1505 4376 p
