3036 5128
386 509 427 588 or
758 509 793 571 c.
820 507 1052 574 sunrouu

384 636 473 702 mine
488 655 551 700 suo
564 653 684 724 passus
701 647 768 698 est:
787 655 889 727 quem
908 630 1045 726 quidem
1062 631 1215 700 nonnulli
1233 635 1416 702 Graeoorum

384 743 526 814 similem
544 767 679 838 quoque
692 745 815 811 Caesari
831 760 865 810 et
882 744 990 812 forma
1008 761 1042 811 et
1060 746 1193 812 incessu
1206 743 1414 814 tradiderunt.

384 863 431 924 M.
444 853 644 934 6Αιιιοιιίιιε,
661 857 813 945 agnitum
827 857 926 922 etiam
944 853 987 922 ab
1007 876 1064 936 eo,
1083 857 1217 922 Senatui
1232 853 1416 922 affirmavit:

384 989 461 1060 quae
476 966 560 1032 scire
570 967 606 1031 C.
621 965 780 1030 ⁷Matium
792 979 825 1028 et
836 967 872 1030 C.
887 965 1050 1056 Oppium,
1063 961 1278 1058 reliquosque
1288 967 1418 1032 Gaesaris

385 1078 528 1142 amicos:
550 1097 695 1168 quorum
715 1075 752 1139 C.
774 1075 922 1166 OppiuS,
944 1075 1040 1169 quasi
1058 1072 1159 1166 plane
1178 1071 1371 1142 defensione
1385 1097 1419 1140 ac

385 1187 567 1278 patrocinio
589 1201 791 1276 resurgeret,
817 1183 940 1252 librum
961 1180 1082 1266 edidit,
1106 1183 1199 1252 Νοιι8
1220 1209 1282 1253 esse
1297 1185 1420 1253 Coesart's

374 1297 503 1390 filium,
525 1321 618 1390 quem
637 1296 799 1390 Cleopatra
817 1296 911 1363 dicat.
933 1294 1092 1364 Helvius?
1115 1299 1238 1378 Cinna,
1255 1295 1419 1364 T1ibunus

385 1407 508 1500 plebis,
526 1407 695 1502 plerisque
712 1405 886 1476 confessus
900 1423 966 1488 est,
981 1405 1138 1482 habuisse
1154 1431 1190 1476 se
1201 1411 1360 1500 scriptam
1372 1431 1419 1500 pa·

386 1532 559 1612 ratamque
573 1516 701 1608 legem,
716 1540 817 1610 quam
831 1521 941 1584 Caesur
953 1516 1041 1584 ferre
1051 1513 1222 1609 jussisset,
1240 1541 1347 1612 quum
1356 1521 1419 1609 ipse

385 1631 533 1710 abesset,
549 1631 598 1695 uti
610 1651 733 1696 uxores
748 1627 931 1695 liberorum
941 1625 1202 1723 quaerendorum
1214 1651 1330 1707 causa,
1344 1650 1419 1721 quas

386 1757 419 1805 et
441 1755 525 1832 quot
545 1736 665 1817 vellet,
689 1736 812 1835 ducere
833 1737 956 1805 liceret.
983 1742 1122 1832 ¹⁰Atque
1144 1761 1187 1804 ne
1210 1739 1262 1804 cui
1285 1735 1420 1804 dubium

420 1919 446 1971 6.
465 1919 505 1970 Μ.
516 1918 658 1984 Antonius,
668 1931 719 1970 etc.
728 1931 757 1970 ut
767 1917 884 1970 officeret
928 1917 1062 1989 adipsum
1076 1916 1194 1988 Oppium
1207 1915 1291 1967 refero
1304 1915 1343 1966 ob
1356 1916 1421 1967 testi·

383 1999 509 2063 Octavio,
522 1995 650 2069 adoptato
659 1997 767 2050 Coesaris
777 1995 840 2050 titio.
849 2027 885 2038 —
929 1999 1049 2048 monium
1058 1998 1083 2048 ei
1093 1996 1244 2056 obtrusum
1252 1994 1420 2066 patrocinium

386 2078 529 2150 Apnoscere
540 2074 583 2127 hic
597 2089 636 2129 est
648 2075 720 2149 quod
736 2075 770 2128 sd
783 2075 885 2128 literam
929 2075 963 2128 ad
974 2076 1127 2140 Octavium,
1142 2076 1218 2144 cujus
1227 2075 1284 2143 jura
1294 2085 1387 2123 contra
1398 2071 1421 2122 fi-

384 2153 484 2208 Gallioe
502 2154 629 2221 dicimus,
647 2153 829 2208 sreconnoitre
849 2173 884 2207 un
929 2158 994 2209 lium
1008 2157 1115 2209 Caesaris
1133 2157 1251 2226 spurium
1269 2151 1420 2204 vindicabat.

386 2238 486 2288 enfant.
497 2260 508 2282 ι
929 2238 1036 2300 Postea,
1048 2255 1097 2306 pro
1109 2253 1184 2306 quem
1198 2233 1333 2304 Cleopatra
1346 2232 1420 2296 dicat,

421 2333 445 2385 7.
463 2316 489 2367 C.
501 2315 612 2366 Matium
623 2327 647 2365 et
658 2315 684 2365 C.
699 2315 822 2385 Oppium.
832 2313 885 2365 Ta·
930 2314 965 2367 al.
981 2334 1057 2387 qoem
1072 2314 1103 2366 de
1116 2312 1252 2382 Cleopatra
1267 2309 1357 2363 dicent
1373 2309 1421 2362 scil.

385 2398 430 2447 cit.
441 2391 535 2444 Annsl.
546 2393 606 2458 llll,
616 2392 665 2444 602
682 2413 692 2436 ι
703 2391 731 2442 C.
744 2392 847 2462 Oppius
860 2403 885 2443 et
930 2405 1037 2459 notum,
1049 2390 1159 2444 editum.

386 2468 824 2540 CorneliusBalbusprimiCarsaris
832 2471 886 2539 opi·
966 2490 991 2541 9.
1011 2460 1119 2523 Heluius
1127 2469 1423 2539 Ginna,deoujusmor-

384 2552 437 2604 bus
455 2563 568 2622 potuere
587 2546 753 2600 conditiones
771 2547 844 2616 pacis
861 2559 886 2598 et
931 2563 957 2601 te
969 2548 1028 2602 vide
1039 2567 1062 2599 c.
1076 2549 1118 2602 85.
1131 2577 1167 2590 -
1183 2549 1252 2618 Quas
1263 2561 1288 2601 et
1298 2563 1365 2621 quot
1379 2549 1423 2602 oel-

385 2630 493 2683 arbitria
503 2627 567 2680 belli
578 2639 697 2679 tractore.
708 2624 804 2676 Matios
813 2637 885 2694 post·
931 2626 976 2680 let.
993 2625 1048 2681 Sibi
1061 2626 1114 2679 hoc
1129 2628 1293 2700 privilegium
1307 2628 1423 2698 postulu-

385 2707 437 2760 hao
454 2722 480 2758 et
497 2705 592 2756 Vedios
612 2717 638 2756 et
657 2716 744 2755 cetera
762 2703 886 2772 Equitum
930 2707 977 2760 bat
988 2707 1083 2774 emar,
1099 2721 1128 2759 ut
1143 2705 1267 2770 haberet,
1284 2709 1329 2778 qui
1341 2709 1369 2759 in
1381 2710 1423 2758 im.

384 2787 461 2836 Rom.
480 2781 621 2856 praevalida
642 2783 749 2834 nomina
771 2780 884 2846 referre,
931 2787 1005 2858 perio
1028 2785 1077 2837 sibi
1100 2785 1293 2851 succederent,
1313 2787 1423 2858 l'erriqne

386 2862 452 2916 nihil
473 2865 623 2924 attinuerit;
634 2886 645 2908 ι
668 2861 714 2913 ubi
735 2859 794 2912 vide
814 2860 885 2931 lips.
930 2864 1015 2935 legem
1027 2867 1143 2934 jusserat
1155 2883 1183 2917 se
1198 2865 1317 2930 absente,
1335 2866 1370 2917 ad
1382 2865 1423 2917 de·
1512 2851 1514 2916 l

387 2941 441 2992 Cic.
461 2940 495 2992 ad
509 2942 566 2994 Die.
585 2941 645 3002 Vll,
665 2941 710 3004 15,
725 2941 754 2990 C.
774 2939 885 2992 Matium
932 2942 1080 2995 elinandum
1089 2943 1265 2997 reiinvidiam.
1273 2947 1332 3010 Dio,
1340 2945 1425 3010 xuv,
1512 2973 1514 2986 ι

387 3021 568 3073 suavissimum
582 3017 819 3088 doctissimumque
835 3017 886 3069 ho·
933 3041 957 3094 7.
968 3021 1010 3074 ΔΙ.
1020 3020 1129 3090 uellent,
1139 3037 1231 3075 contra
1240 3025 1331 3076 Dionis
1343 3037 1426 3078 aucto
1513 3027 1514 3042 ¹

389 3099 484 3148 minem
501 3097 572 3148 dicit·
590 3095 675 3162 Mem,
693 3093 755 3146 ibid·
771 3097 820 3161 Vl,
840 3098 886 3164 13,
932 3103 1035 3153 ritatem
1054 3113 1080 3152 et
1100 3103 1186 3154 Leuni
1204 3105 1330 3154 sermonis
1348 3105 1425 3155 ratio·
1513 3087 1514 3134 l

388 3177 515 3240 Pansam,
536 3175 664 3239 Hirtium,
684 3171 810 3239 Balbum,
829 3175 886 3246 Op·
933 3200 1009 3248 nem,
1024 3199 1103 3251 quam
1115 3183 1254 3234 restituere
1268 3198 1378 3235 conatus
1389 3195 1425 3234 est
1513 3227 1514 3232 ,

387 3255 477 3326 pium,
495 3254 622 3318 Matium,
640 3254 802 3305 Postumium
820 3256 888 3308 inter
931 3259 1070 3326 Oudend,
1087 3263 1245 3332 conjiciens,
1256 3281 1320 3334 quas
1334 3263 1391 3334 quis
1403 3271 1427 3312 et
1513 3281 1514 3286 ¹

388 3333 495 3384 &saris
511 3331 653 3384 familiares
670 3332 797 3383 nominat.
810 3332 886 3384 Plura
933 3348 998 3410 quot
1008 3336 1093 3390 uellet.
1106 3338 1284 3410 Polygamiam
1298 3339 1368 3410 apud
1379 3341 1426 3392 Ro·

388 3410 446 3463 uide
457 3408 529 3482 apud
537 3410 607 3481 Lips.
621 3408 639 3462 l.
653 3429 675 3463 c.
687 3424 713 3462 et
722 3411 750 3462 in
762 3409 834 3464 Clau.
846 3413 887 3464 Ci·
932 3433 1025 3468 manos
1049 3415 1211 3487 prohibitam
1233 3417 1290 3486 lege
1313 3417 1425 3470 stabilire

388 3511 442 3546 cer.
455 3491 511 3544 suis
522 3487 596 3542 locis.
933 3494 1045 3548 voluisse
1057 3495 1200 3562 Caesarem,
1215 3495 1284 3548 falsu
1300 3499 1375 3548 etiam
1390 3509 1426 3548 est

423 3570 449 3622 8.
467 3567 529 3621 Non
545 3585 607 3634 esse,
627 3581 676 3618 etc.
693 3568 755 3619 Non
772 3568 887 3622 deletum
933 3575 1024 3645 opinio
1036 3575 1161 3627 lleinecc.
1177 3577 1237 3627 Aut.
1250 3577 1325 3629 Rom.
1341 3577 1367 3643 l,
1385 3592 1426 3636 ιο,

387 3649 471 3703 voluit
492 3646 638 3702 Glareanus
659 3660 750 3700 contra
771 3651 887 3702 auctoris
932 3652 945 3724 §
962 3654 1000 3706 18.
1011 3655 1094 3706 Antea
1107 3656 1133 3705 in
1145 3654 1245 3722 verbis,
1257 3675 1336 3728 quam
1350 3658 1429 3708 Coesor

388 3727 554 3782 sententiam.
570 3723 612 3775 Ad
624 3725 767 3776 amicornm
779 3727 887 3780 Coesaris
926 3731 999 3802 fem
1009 3732 1140 3804 jussisset,
1162 3751 1195 3785 ne
1214 3734 1273 3804 quis
1289 3731 1426 3806 legendum

388 3807 569 3862 testimonium
580 3822 662 3877 quum
672 3803 745 3856 eade
755 3823 887 3874 reprovo-
933 3821 1009 3880 putet
1021 3809 1103 3881 ferri,
1124 3810 1219 3882 supple
1236 3831 1262 3864 se
1278 3830 1307 3862 ex
1322 3826 1426 3863 antece-

388 3900 474 3941 catset
482 3888 633 3954 Antonius,
644 3904 676 3938 ex
687 3885 751 3956 ipsis
762 3885 794 3936 iis
807 3887 889 3939 Gaesa·
933 3887 1069 3956 dentibus,
1080 3888 1175 3960 dequo
1185 3909 1236 3943 usu
1245 3883 1305 3942 vide
1318 3889 1427 3941 Draken-

388 3965 424 4016 ris
440 3967 530 4018 amicis
548 3965 671 4037 Oppius,
689 3975 719 4014 nt
737 3961 890 4018 ostenderet
933 3965 1025 4019 borch.
1037 3969 1070 4020 ad
1082 3969 1136 4020 Liv.
1149 3971 1258 4036 XXVII,
1272 3971 1318 4038 24,
1332 3984 1357 4024 ot
1367 3971 1426 4022 Em.

388 4040 456 4094 lslso
472 4061 549 4096 suum
568 4045 746 4097 testimonium
766 4041 888 4116 allegari,
933 4045 967 4098 ad
978 4048 1061 4100 Tacit.
1074 4048 1139 4102 Hist.
1152 4049 1177 4112 l,
1190 4047 1232 4103 38.

389 4119 460 4176 edito
468 4119 740 4187 librodemonstravit,
748 4124 823 4175 ιΝοιι
831 4141 887 4176 esse
972 4143 1009 4179 ιο.
1029 4127 1126 4199 Αιᾳιιις
1137 4127 1257 4198 reposui,
1271 4127 1343 4198 quod
1353 4140 1389 4179 est
1400 4129 1426 4178 in

389 4198 499 4255 &soris
510 4199 605 4262 lilium,
618 4217 689 4258 etn-
705 4201 886 4274 Defenst'ooem
932 4203 992 4258 odd.
1006 4219 1073 4273 ant,
1086 4226 1134 4282 pro
1146 4207 1192 4262 Ac.
1206 4208 1246 4261 lt.
1259 4208 1302 4260 Ar.
1319 4225 1322 4232 ⁴
