3040 5118
480 563 717 627 Truentus.
1054 567 1114 654 371
1164 528 1167 538 ’

88 705 172 758 teres
189 692 368 783 quicquam
385 701 537 754 notatum
554 702 620 767 est,
639 688 673 754 in
692 709 760 780 quo
776 683 983 756 ⁶exercuisse
998 686 1054 782 jus
1069 693 1125 758 tn'-

88 801 226 870 buniciae
241 800 414 893 potestatis
431 801 523 866 visus
538 800 591 866 sit.
608 802 721 882 Quum
738 799 824 866 circe
839 797 970 867 scholas
985 817 1020 868 et
1033 802 1126 870 eudi-

87 916 167 980 ton's
180 911 410 1005 professorum
428 908 584 978 assiduus
601 925 703 991 esset,
718 924 810 976 moto
826 911 912 976 inter
926 913 1124 1006 ⁷sntisophi-

88 1038 151 1090 stus
174 1024 325 1114 gmviore
339 1019 470 1114 jurgio,
493 1043 562 1086 non
583 1016 705 1103 defuit,
730 1022 788 1113 qui
808 1043 887 1087 eum
906 1023 1126 1092 intervenien-

88 1149 167 1216 tem,
182 1149 215 1200 et
227 1133 323 1226 qussi
335 1129 570 1198 studiosiorem
582 1130 686 1221 partis
698 1127 851 1210 alterius,
864 1133 1015 1199 convicio
1026 1135 1128 1202 inces-

88 1257 183 1309 seret.
209 1243 338 1310 Sensim
362 1242 473 1334 iteque
498 1261 670 1330 regressus
693 1237 853 1322 domum,
881 1257 1020 1333 repente
1047 1268 1126 1312 cum

87 1351 328 1444 apparitoribus
340 1349 478 1444 prodiit,
493 1353 696 1444 citatumque
708 1373 770 1442 pro
781 1349 941 1418 tribunali
952 1377 1034 1424 voce
1045 1379 1126 1447 pree-

88 1466 177 1530 conis
199 1464 455 1530 conviciatorem
478 1463 549 1552 rupi
572 1457 673 1553 jussit
694 1463 729 1528 in
754 1483 932 1529 carcerem.
958 1467 1127 1558 Comperit

88 1571 225 1654 deinde,
251 1572 399 1640 Juliam⁸
424 1595 565 1640 uxorem
589 1572 633 1639 ob
659 1570 813 1640 libidines
838 1590 939 1669 etque
964 1576 1127 1646 adulteris

87 1681 295 1766 damnatam,
323 1683 569 1778 repudiumque
595 1685 624 1750 ei
650 1705 712 1750 suo
737 1685 891 1767 nomine,
920 1709 961 1752 ex
986 1690 1129 1754 auctori·

88 1810 151 1862 mte
172 1796 335 1887 Augusti,
358 1796 557 1862 remissum:
581 1810 615 1862 et
634 1817 839 1888 quamquem
864 1793 962 1863 laetus
983 1799 1127 1880 nuncio,

88 1920 198 1971 mmen
216 1904 316 1972 officii
335 1902 445 1985 duxit,
465 1907 681 1998 quantumin
698 1928 733 1971 se
750 1919 857 1986 esset,
877 1917 1033 1988 exorere⁹
1051 1907 1127 1976 liliae

85 2032 216 2107 patrem
240 2013 471 2110 frequentibus
496 2013 621 2096 literis,
647 2031 680 2082 et
704 2013 758 2083 vel
783 2030 954 2109 utcunque
975 2021 1126 2100 ‘meritae,

87 2123 246 2219 quicquid
264 2149 414 2219 unquam
435 2122 526 2193 dono
547 2122 711 2208 dedisset,
730 2123 923 2192 concedere.
943 2129 1127 2196 Tmnsecto

87 2252 196 2304 autem
209 2236 396 2304 tribuniciae
407 2239 580 2329 potestatis
595 2253 764 2328 tempore,
783 2235 955 2304 confessus
971 2239 1126 2322 tandem,

87 2345 167 2414 nihil
184 2344 277 2414 aliud
294 2369 427 2414 secessu
444 2345 608 2412 devitasse
621 2368 675 2426 se,
694 2367 796 2438 quam
814 2343 1035 2414 aemulationis
1050 2371 1128 2416 cum

86 2461 162 2525 Caio
174 2459 346 2552 Lucioque
361 2459 602 2548 suspicionem,
618 2457 729 2548 petiit,
746 2471 784 2536 ut
796 2453 856 2524 sibi
872 2480 990 2523 securo
998 2455 1070 2549 jem
1084 2459 1127 2526 ab

87 2566 149 2636 hac
168 2583 281 2662 parte,
305 2565 526 2634 corroboretis
546 2564 614 2646 his,
636 2580 670 2632 et
690 2560 876 2632 secundum
897 2563 1010 2632 locum
1032 2567 1127 2636 focile

86 2679 289 2761 tutantibus,
311 2680 560 2770 permitteretur
582 2678 726 2744 revisere
747 2674 1026 2760 necessitudineS,
1047 2703 1128 2773 qua-

86 2811 161 2856 rum
174 2787 341 2856 desiderio
355 2802 536 2854 teneretur.
550 2784 613 2856 Sed
625 2809 735 2882 neque
747 2789 953 2878 impetravit:
969 2787 1126 2884 ultroque

87 2900 184 2966 etiem
200 2899 392 2966 admonitus
405 2916 470 2980 est,
486 2897 668 2965 dimitteret
683 2921 817 2965 omnem
834 2921 950 2965 cumm
966 2922 1124 2984 suorum,

86 3036 170 3106 quos
181 3029 252 3080 tam
263 3009 383 3102 cupide
396 3010 593 3104 reliquisset.
780 2999 785 3011 ’

130 3129 206 3192 XII.
239 3125 411 3190 Remensit
435 3147 514 3214 ergo
542 3121 650 3190 Rhodi
677 3139 793 3190 contm
815 3122 1044 3208 voluntatem
1071 3129 1127 3194 vix

86 3255 146 3326 per
163 3243 324 3301 matrem¹
346 3249 561 3316 consecutus,
579 3251 618 3300 ut
636 3233 679 3300 ad
698 3231 875 3300 velandum
892 3235 1126 3326 ignominiam,

120 3466 145 3518 6.
164 3465 323 3520 Exercut’tse.
342 3466 393 3519 Alii
407 3466 524 3537 probant
540 3485 585 3518 ex·
664 3467 720 3519 ΧΠ.
738 3483 757 3519 ι.
773 3467 825 3521 V'tx
834 3485 882 3541 ptr
891 3477 1001 3519 matrem
1010 3486 1130 3521 consecu-

87 3547 197 3599 semisse.
209 3545 277 3598 Vide
290 3545 323 3597 ad
334 3547 435 3598 Neron.
449 3547 491 3598 26.
630 3557 681 3611 tus,
702 3558 751 3598 etc.
767 3547 903 3612 Quantum
920 3545 972 3598 boe
990 3548 1049 3618 ipso
1064 3562 1129 3600 tem-

121 3651 145 3703 7,
165 3633 365 3707 Angssopgimg
375 3635 414 3685 1),
426 3632 535 3686 ᾗῑῃὶᾱρ
547 3635 587 3684 in.
630 3643 694 3695 pore
705 3626 780 3675 matri
791 3643 843 3676 sure
855 3625 1131 3698 debuerit,signilicat

87 3726 165 3785 ΜΨ,
179 3713 215 3766 gd
229 3713 339 3782 Quintil,
354 3717 404 3778 xl,
415 3715 441 3768 3,
456 3715 588 3766 Gramma.
631 3707 687 3775 ipso
695 3702 768 3774 spud
774 3704 1073 3770 Cndtunn,Tt'bdte,aet.
1081 3707 1132 3772 111,

87 3795 168 3859 ticos,
183 3792 316 3861 rltetores,
331 3793 461 3866 intellige,
475 3793 586 3846 aliorum
631 3799 668 3834 ³⁰·
684 3801 692 3833 ¹
706 3804 713 3834 ἕ
841 3851 879 3893 m
899 3849 1112 3896 dammum

88 3875 318 3964 mulmmicofum
342 3874 519 3964 “lvemrim'
543 3873 587 3943 φή
630 3915 697 3956 Purnti
707 3913 736 3955 les
745 3913 847 3954 llbodiens
855 3912 917 3956 cache
925 3927 970 3954 ntes
978 3913 1090 3967 destindes,

87 3951 207 4022 ”plum
220 3969 340 4002 numm
352 3951 517 4004 dicebantur.
631 3975 681 4016 boin
690 3974 718 4016 du
728 3974 790 4030 puluis
800 3973 920 4028 d'Aoguste,
932 3981 953 4014 et
962 3972 1057 4029 plusloin
1064 3973 1133 4017 deson

123 4031 148 4083 8.
166 4029 271 4082 Iuliam
294 4048 412 4098 ιαονεπι,
435 4044 484 4083 etc.
509 4029 585 4084 Conl.
698 4049 753 4076 seur

89 4107 377 4180 mnugsnmapss.
634 4065 1136 4170 sote‚q'u·i30nj·nnrcst..ntuenar,

635 4156 760 4261 Quanqpienq
765 4155 853 4269 :cupitus
862 4155 908 4212 plus
916 4157 946 4198 les
956 4157 1054 4200 lumi
1063 4173 1134 4204 consu.

90 4267 177 4320 cilisre
192 4269 260 4339 patri
274 4267 362 4319 filiam.
634 4277 1119 4333 Ellotrendnitsurmoiscsbonttstutdlnireu

941 4361 995 4439 24.

123 4207 148 4256 9.
169 4191 285 4240 Exorare
290 4185 359 4258 filioe
369 4199 486 4260 patrem
498 4205 589 4238 recon-
