3144 5134
385 551 429 661 7⁶.
754 547 791 609 c.
817 543 1051 610 soaronrr

383 675 470 742 Ιιιῑο9
489 674 584 740 clavo
601 671 644 738 ad
660 693 780 738 marrus
797 669 980 751 fimbriato,
998 692 1060 738 uec
1071 679 1094 706 ¹⁰
1111 685 1147 735 ut
1161 693 1310 762 unquam
1330 669 1420 736 aliter

383 808 485 877 quam
496 806 598 874 super
610 805 688 848 eum
701 782 903 872 cingeretur,
917 795 950 846 et
962 777 1098 872 quidem
1111 777 1252 845 fluxiore
1264 782 1417 845 cinctura.

387 893 482 960 Unde
493 905 514 930 ¹¹
530 915 704 960 emanasse
716 888 816 958 Sullae
828 886 973 969 dictum,
990 890 1166 980 optimates
1178 890 1301 979 saepius
1313 887 1421 956 admo·

382 1009 509 1086 nentis,
528 1036 541 1064 a
554 1019 591 1070 ut
602 1004 690 1070 male
701 1004 922 1095 praecinctum
936 1024 1079 1093 puerum
1094 1015 1287 1066 caverent.»

428 1119 542 1181 XLVI.
570 1112 738 1180 Habitavit
759 1115 870 1204 primo
889 1115 941 1178 in'
967 1110 1097 1178 Subura
1117 1107 1255 1176 modicis
1279 1108 1421 1177 aedibus:

381 1245 458 1318 post
473 1242 586 1293 autem
603 1223 835 1317 pontificatum
854 1225 1038 1291 maximum
1058 1225 1093 1288 in
1114 1225 1212 1290 Sacra
1233 1223 1287 1290 via
1304 1219 1422 1288 domo'

382 1336 524 1428 publica.
552 1333 815 1404 Munditiarum³
842 1334 1128 1427 lautitiarumque
1145 1332 1422 1400 studiosissimum

415 1569 440 1620 9.
459 1551 524 1604 Lato
538 1549 800 1623 clavo...fimhrt'ato,·
812 1553 881 1603 tuni·
920 1568 984 1620 'quae
1001 1549 1169 1625 erstfluxior
1183 1548 1314 1612 cinctum,
1330 1547 1423 1598 usitate

379 1648 410 1680 ca
429 1628 576 1695 laticlavia,
597 1631 715 1681 manicas
735 1629 768 1680 ad
787 1647 880 1682 manus
925 1624 1331 1679 bominibusmollibua.Ciuetus
1341 1625 1424 1688 enim,

378 1725 463 1779 usque
479 1705 609 1774 habente,
624 1727 722 1777 easque
737 1707 881 1761 fimbriatas
923 1707 1089 1777 precinctus,
1103 1705 1261 1768 succinctus,
1274 1704 1292 1753 i.
1307 1723 1332 1776 q.
1346 1721 1424 1772 expe·

377 1785 480 1855 (arudes
489 1785 659 1858 defi-anyer).
670 1787 814 1838 Hominum
825 1800 881 1839 erat
926 1782 1013 1849 ditus,
1023 1799 1142 1853 gnarus,
1152 1780 1303 1833 industrius.
1319 1781 1361 1833 Sic
1373 1783 1425 1836 110-

378 1863 567 1925 delieatorum‚
580 1865 682 1916 tunicas
692 1881 783 1934 gerere
793 1865 881 1916 mani·
924 1877 974 1915 rat.
989 1862 1042 1915 Set.
1060 1865 1085 1927 1,
1097 1865 1128 1930 3,
1145 1861 1189 1927 31,
1203 1860 1237 1912 de
1250 1858 1359 1914 bomine
1370 1879 1425 1913 mo-

378 1952 447 1994 ratas
457 1961 504 1994 seu
513 1941 660 1995 chiridotas.
671 1941 738 1994 Gell.
750 1942 766 1994 l.
777 1961 801 1994 e.
815 1945 880 2016 -qui
925 1961 983 1994 rum
990 1941 1198 1995 inconditorum:
1212 1940 1426 1992 «Rusticiueton

378 2024 404 2071 in
415 2021 570 2072 conviviis...
582 2037 641 2072 cum
653 2020 781 2075 chiridota
793 2023 881 2073 tuales
924 2041 954 2074 so
967 2033 1027 2096 toga
1037 2021 1161 2098 definit.-

378 2100 486 2150 inferior
495 2097 880 2164 accubuerit.»Idem,eodem
963 2115 1003 2152 rt.
1027 2101 1186 2158 Emanussm
1209 2099 1343 2168 vulgnum
1369 2117 1425 2152 erse

377 2198 436 2250 cap.
449 2179 522 2230 inin:
536 2180 665 2231 eTunicis
677 2182 716 2231 uti
725 2181 810 2231 virum
818 2198 880 2250 pro·
925 2180 1001 2233 Sullae
1010 2179 1123 2242 dictum,
1135 2191 1213 2230 antea
1224 2179 1310 2230 minus
1322 2193 1423 2230 notam.

377 2257 434 2310 lixis
449 2257 516 2310 ultra
530 2257 638 2309 brachie
652 2270 678 2309 et
689 2276 775 2328 usque
787 2260 813 2308 in
826 2258 879 2329 pri·
923 2257 1033 2310 Addunt
1042 2257 1086 2308 alii
1096 2266 1219 2310 conflate
1229 2256 1318 2327 glossa
1326 2258 1424 2324 inutili,

378 2355 464 2388 rueres
478 2354 571 2388 manus
586 2354 618 2387 ac
633 2354 716 2406 prope
728 2339 754 2387 in
767 2335 878 2405 digitos,
924 2358 1006 2410 quum
1013 2338 1175 2410 praecesserit
1177 2337 1279 2407 ferunt.
1285 2338 1425 2400 DereDio,

378 2419 465 2468 Roma
484 2429 563 2486 atque
578 2421 649 2466 omni
667 2418 694 2466 ln
712 2417 787 2466 Latio
802 2415 877 2466 inde·
924 2419 1017 2482 XLIII,
1030 2419 1072 2484 43.
1088 2417 1165 2469 conf.
1178 2416 1298 2468 Macrob.
1313 2419 1350 2482 11,
1364 2417 1390 2468 3.

376 2513 470 2546 corum
481 2496 540 2546 fuit.
554 2497 605 2546 Eas
617 2495 720 2545 tunicas
732 2495 823 2545 Graeco
834 2513 878 2544 ro·
958 2498 1046 2548 XLVI.
1055 2496 1237 2550 clusuram.
1246 2497 1369 2548 Marlien.
1377 2499 1423 2548 Ur-

376 2574 472 2625 cabulo
485 2575 568 2626 nostri
579 2573 720 2625 chiridotas
728 2572 878 2644 appellave-
923 2575 964 2626 bis
984 2577 1073 2626 Romae
1093 2573 1300 2644 'I'opograpbia,
1322 2576 1371 2640 IV,
1393 2592 1424 2628 ιο

377 2651 879 2725 runt,leminisquesolisrestemlonge
923 2655 1018 2724 (Thes.
1038 2656 1120 2705 Grai.
1139 2667 1203 2706 tom.
1222 2657 1273 2716 lll,
1291 2673 1317 2724 p.
1341 2654 1422 2724 156);

375 2731 479 2804 latoque
497 2733 622 2785 diffusam
645 2732 767 2784 decoram
790 2734 879 2784 existi·
927 2731 1081 2796 «Saburra,
1102 2751 1159 2802 quse
1172 2734 1240 2783 inter
1256 2732 1386 2804 Esquilias
1399 2747 1424 2786 et

377 2827 527 2877 rnavorunt,
542 2811 575 2863 ad
593 2813 671 2864 ulnas
688 2831 818 2882 cruraque
833 2813 879 2864 ad·
923 2810 1080 2862 viminalem
1097 2813 1182 2880 jacet,
1201 2813 1362 2882 principium
1380 2812 1423 2864 be·

376 2911 466 2943 versus
486 2892 580 2943 oeulos
602 2891 782 2962 protegenda,
803 2906 852 2944 ete.
865 2916 876 2939 ι
924 2889 982 2940 buit
990 2908 1004 2940 a
1013 2891 1072 2940 loro
1080 2891 1201 2942 Romano
1210 2892 1264 2942 sive
1272 2909 1286 2940 a
1295 2891 1355 2941 foro
1364 2891 1424 2942 Ner

377 2972 429 3036 Qui
440 2971 567 3040 gerebant
579 2989 640 3036 eas,
651 2971 798 3022 manuleati
808 2971 878 3023 dIce·
924 2987 960 3018 vae
972 2971 1053 3037 Imp,
1064 2969 1142 3020 linem
1154 2985 1216 3019 vero
1228 2968 1261 3020 ed
1274 2967 1369 3021 clivum
1381 2970 1424 3022 Su·

376 3047 483 3101 bantur.
499 3047 566 3101 Vide
579 3049 662 3119 Celig.
679 3049 721 3100 52.
924 3046 1313 3112 burranum,diota,ut.lunius
1321 3049 1422 3114 scribit,

415 3143 454 3177 ro.
467 3129 523 3178 Nec
532 3136 561 3176 ut
570 3143 716 3198 uuquam...
727 3129 878 3199 cluperetur.
924 3127 958 3178 ab
970 3147 1016 3192 eo,
1029 3126 1102 3197 quod
1115 3128 1194 3179 fuerit
1206 3126 1255 3178 sub
1266 3131 1373 3198 antiqua
1384 3149 1424 3180 ur·

378 3207 550 3274 Disputarere
560 3202 593 3254 de
604 3205 820 3274 interpretatione
832 3205 878 3256 bu·
925 3207 989 3258 be.-
1004 3206 1082 3258 Plura
1099 3205 1143 3259 dat
1156 3207 1293 3273 Donatus,
1307 3207 1340 3259 de
1355 3209 1424 3260 Urbe

374 3284 477 3353 jusloci
487 3285 534 3334 viri
542 3282 614 3334 docti
624 3282 745 3358 plurimi,
756 3302 823 3354 quos
833 3305 879 3336 no·
924 3287 1024 3356 Roma,
1042 3287 1093 3348 lll,
1116 3303 1147 3338 ro
1165 3285 1258 3355 (Thes.
1279 3287 1350 3340 dicto
1372 3289 1422 3340 rol.

378 3364 459 3412 minat
473 3363 624 3430 Baumgart.
639 3360 806 3430 Singulorum
820 3365 879 3432 opi-
924 3385 951 3435 p.
964 3366 1013 3434 703
1025 3367 1213 3436 seq.)Rectius
1223 3365 1302 3418 scribi
1312 3366 1424 3430 Subum,

377 3444 469 3492 aiones
485 3459 621 3492 recensere
633 3439 737 3511 longius
748 3443 825 3493 foret.
837 3442 879 3493 Ad
924 3444 1021 3495 docent
1040 3460 1211 3496 monumenta
1225 3467 1230 3495 ε
1251 3447 1285 3496 ef.
1301 3445 1423 3499 Oudend.

378 3525 511 3573 veritatem
529 3522 648 3591 proxime
665 3519 791 3572 accedere
806 3519 880 3571 ride·
923 3551 959 3562 -—
972 3526 1011 3574 De
1026 3522 1068 3573 via
1082 3524 1162 3576 Sacro
1175 3523 1235 3575 vide
1247 3525 1354 3575 Panrin.
1372 3528 1425 3579 Dc·

376 3614 420 3652 tur
428 3601 481 3652 haec
489 3600 685 3670 interpretatio:
696 3597 809 3668 Cingulo
818 3617 879 3650 con·
925 3601 1014 3670 script.
1023 3601 1086 3652 Url).
1098 3603 1186 3652 Romae
1196 3601 1288 3670 (Thes.
1300 3615 1365 3654 tom.
1376 3605 1424 3670 Ill,

378 3679 556 3751 stringebatur
574 3691 650 3746 toga,
670 3681 817 3747 superjecta
837 3692 879 3728 tu·
924 3678 951 3749 p.
961 3679 1036 3749 269),
1045 3693 1070 3732 et
1081 3681 1220 3732 Panciroll.
1229 3681 1307 3750 (ibid.
1317 3701 1341 3752 p.
1351 3683 1424 3753 339).

378 3760 457 3824 nicae,
479 3758 547 3810 eirca
570 3757 687 3820 femore,
708 3756 744 3806 ita
763 3769 793 3806 ut
811 3755 879 3806 latus
961 3779 985 3810 2.
1004 3761 1090 3812 Domo
1106 3759 1222 3832 publica.
1242 3762 1309 3827 Dio,
1330 3763 1425 3824 XLIII,

379 3835 466 3890 clavus
480 3839 588 3903 tunicae,
600 3853 654 3906 quo
666 3835 762 3905 insigni
771 3837 880 3888 Senatu·
924 3837 974 3902 44,
989 3840 1057 3889 inter
1071 3838 1189 3907 reliquos
1204 3837 1319 3896 honores
1331 3842 1425 3894 Caesari

379 3933 419 3965 res
433 3917 585 3982 utebantur,
601 3917 807 3985 conspiceretur.
820 3917 878 3966 Jern
924 3914 1044 3968 decretos
1056 3918 1135 3968 refert
1145 3915 1296 3981 sitiendam
1308 3916 1372 3986 irrp‘i
1382 3921 1424 3970 δι·
1491 3961 1494 3969 .

378 3994 472 4060 (haar,
485 4013 566 4064 quum
578 3995 747 4065 superlatum
760 3992 879 4059 clavum,
922 3995 995 4062 parias
1015 3995 1087 4047 ιὶιιῒι.
1106 3997 1265 4048 pertinuisse
1284 4011 1373 4050 autem
1392 4000 1425 4051 ad

379 4069 406 4120 id
421 4085 475 4137 est,
490 4073 566 4124 altius
580 4093 609 4124 se
622 4076 752 4144 cingeret,
768 4086 794 4124 et
805 4086 878 4142 tege·
925 4072 1331 4142 pontificatushonoresdomum
1341 4075 1427 4145 publi·

379 4149 878 4221 bateinguloclarum,etefficiebat‚ut
924 4173 998 4218 rara,
1014 4155 1082 4206 idem
1098 4156 1148 4206 Dio
1164 4154 1243 4220 dicit,
1256 4155 1321 4220 LIV,
1337 4173 1379 4224 ²7·

378 4230 487 4280 inferior
495 4249 556 4300 pars
568 4245 632 4298 rogae
644 4232 727 4283 laxius
737 4231 876 4295 deflueret,
960 4236 984 4286 3.
1004 4235 1157 4294 blondum
1170 4233 1260 4300 nobis,
1270 4235 1426 4302 delia-atera,
