3036 5128
366 579 408 642 28
740 577 777 640 C.
803 569 1035 640 SUETONII

363 707 424 768 Cn.
435 702 631 792 Pompeium
640 708 844 766 assecutum
857 713 924 782 est,
937 695 1105 763 offensum
1116 691 1284 775 Patribus,
1297 691 1413 786 quod,

364 811 559 878 Mithridate
577 833 656 901 rege
674 811 781 893 victo,
802 810 1014 876 cunctantius
1036 804 1315 874 confirmarentur
1334 817 1414 870 acta

365 918 462 1001 sus⁸;
474 919 700 1012 Pompeioque
710 921 757 984 M.
768 922 927 984 Crassum
937 913 1180 996 reconciliavit,
1189 929 1338 982 veterem
1351 914 1414 976 ini·

363 1032 489 1098 micum
501 1053 541 1096 ex
554 1027 748 1111 consulatu,
763 1037 886 1121 quem⁹
900 1051 1032 1094 summa
1043 1022 1209 1092 discordia
1223 1020 1323 1091 simul
1339 1045 1414 1114 ges·

365 1156 495 1225 scrant;
508 1158 547 1208 ac
557 1145 750 1209 societatem
762 1164 840 1208 cum
851 1156 995 1234 utroque
1007 1141 1096 1222 iniit,
1109 1162 1152 1204 ne
1162 1134 1242 1231 quid
1252 1149 1414 1226 ageretur

364 1253 399 1318 in
413 1250 611 1344 Republica,
627 1250 718 1346 quod
732 1249 960 1342 displicuisset
972 1248 1032 1317 ulli
1046 1273 1065 1316 e
1080 1247 1196 1316 tribus.

409 1365 479 1428 XX.
507 1363 593 1428 lnito
616 1361 744 1429 honore
767 1363 896 1454 primus
919 1363 1071 1427 omnium
1094 1359 1253 1438 instituit,
1279 1370 1317 1423 ut
1340 1369 1413 1421 tam

363 1473 518 1555 Sensuro,
538 1497 646 1567 quam·
658 1472 775 1566 populi
789 1469 911 1540 diurna
928 1482 1019 1539 'acta
1034 1469 1234 1550 confierent,
1254 1481 1289 1534 et
1301 1463 1413 1558 publi·

363 1599 531 1650 carentur.
541 1585 726 1676 Antiquum
739 1585 840 1649 etiam
849 1581 965 1649 retulit
974 1605 1119 1664 morem,
1133 1597 1184 1662 ut,
1196 1585 1282 1674 quo²
1291 1597 1413 1644 mense

399 1823 424 1875 7·
447 1804 592 1860 Ascensus
607 1816 659 1866 est,·
680 1806 752 1856 omni
772 1803 862 1858 studio
906 1805 957 1859 bus
970 1808 1074 1859 innixus
1092 1804 1208 1856 Gravius
1226 1801 1357 1852 Nostrum
1371 1815 1412 1848 er·

363 1880 454 1934 coluit.
475 1911 511 1923 -
533 1882 689 1954 Offensum,
710 1883 862 1949 infensum,
905 1888 972 1936 roris
994 1883 1136 1954 arguebat,
1154 1893 1185 1932 ut
1205 1881 1251 1951 qui
1272 1897 1287 1930 a
1308 1878 1412 1929 casare

361 1962 465 2013 iratum.
905 1962 1011 2016 demum
1024 1963 1083 2014 Cos.
1100 1979 1163 2013 ann.
1177 1958 1230 2030 695
1244 1959 1369 2010 instituta
1381 1972 1412 2006 ea

398 2041 423 2094 8.
455 2041 522 2094 Acta
552 2062 606 2096 suo.
636 2043 752 2094 Auctore
781 2041 861 2093 Dion.
906 2040 1018 2104 diceret;
1038 2039 1207 2092 vindicarunt
1227 2052 1289 2090 enm
1309 2033 1410 2087 Duker.

363 2119 499 2188 XXXVII,
518 2121 569 2191 49,
584 2123 723 2194 Pompeius
743 2120 779 2172 ob
792 2119 861 2172 hanc
907 2120 941 2172 ad
951 2121 1007 2173 Lis.
1019 2120 1111 2186 XLIV,
1123 2119 1168 2184 18,
1178 2115 1341 2187 wesseling.
1351 2115 1412 2164 Pro·

363 2199 475 2250 maxime
493 2217 601 2251 causam
622 2201 652 2250 L.
672 2200 812 2251 Afranium
836 2211 862 2251 et
905 2200 966 2254 hab.
980 2201 1027 2272 39,
1044 2214 1071 2254 et
1081 2201 1184 2252 Ernest.
1198 2200 1227 2250 in
1243 2199 1365 2250 Excursn
1377 2191 1411 2246 ad

362 2277 497 2330 Metellum
511 2277 629 2330 Celerem
646 2277 681 2331 ad
694 2278 861 2331 consulatum
906 2280 933 2333 h.
948 2282 966 2334 l.
980 2295 1006 2333 et
1022 2279 1122 2333 Prolus.
1142 2277 1175 2330 de
1194 2292 1317 2330 actorum
1337 2277 1363 2328 S.
1382 2273 1409 2323 P·

362 2355 537 2427 perduxerat,¹
548 2356 621 2429 quod
630 2375 679 2429 per
690 2376 737 2410 eos
747 2370 805 2409 acta
813 2374 861 2408 sua
905 2361 938 2427 Q.
959 2361 989 2410 R.
1012 2358 1167 2411 diurnorum
1189 2358 1310 2428 origine,
1333 2352 1411 2422 cujus

362 2435 543 2488 confirmatum
562 2437 593 2486 iri
614 2435 664 2486 sibi
684 2446 859 2507 persuaserat.
906 2457 1006 2490 summa
1014 2437 1069 2490 hnc
1077 2435 1186 2490 est:llla
1194 2437 1345 2506 fragmenta
1354 2449 1411 2484 con·

361 2513 492 2568 Obstitere
503 2516 526 2568 ei
535 2529 630 2588 praeter
639 2514 704 2568 alios
715 2514 795 2580 Cato,
807 2513 862 2564 Ma·
906 2516 966 2568 licta
975 2516 1098 2570 videntur
1107 2513 1140 2568 ab
1152 2514 1242 2587 aliquo
1252 2515 1409 2584 impostore.

362 2593 438 2646 tellus
450 2597 520 2668 ipse,
533 2608 559 2648 et
569 2595 680 2646 maxime
691 2592 825 2648 Lucullus.
906 2599 1061 2651 Memoriam
1081 2609 1169 2649 autem
1191 2587 1280 2648 rer-uin
1300 2591 1410 2665 publice

396 2691 422 2742 9.
444 2677 553 2744 Quem...
561 2674 643 2728 simul
649 2685 785 2748 possemus.
794 2671 863 2722 Con·
905 2689 1036 2750 gestarum
1050 2676 1160 2747 singulis
1172 2677 1248 2728 annis
1260 2685 1341 2725 antea
1353 2669 1410 2721 lite·

362 2750 432 2802 sules
444 2754 548 2805 fuerant
560 2753 593 2805 A.
607 2755 640 2804 U.
655 2751 716 2818 684.
731 2751 861 2802 lleeonci·
906 2756 941 2806 ris
964 2752 1098 2807 mandavit
1119 2753 1240 2807 Pontifex
1261 2753 1409 2815 maximus,

298 2825 304 2843 ¹
361 2829 862 2906 liavitutrumqueCarsaranteconsu-
905 2833 976 2905 iique
990 2833 1098 2885 annales
1113 2833 1223 2885 maximi
1236 2825 1409 2903 suntappel·

361 2906 458 2973 latum,
478 2912 516 2961 nti
537 2923 632 2981 proter
650 2911 776 2962 Nostrum
797 2907 860 2958 Plu·
904 2911 966 2978 lati,
976 2925 1006 2964 ut
1014 2911 1081 2964 adeo
1091 2915 1156 2964 actis
1165 2911 1266 2965 diurnis
1275 2929 1347 2982 opus
1356 2923 1409 2959 non

360 2987 543 3042 tarchCasar.
554 2987 859 3056 13;Crass.1l;Pompei.
904 3003 983 3043 esset.
990 2993 1051 3042 Hac
1059 2988 1193 3042 annalium
1204 2983 1410 3042 conscribendo·

361 3067 409 3134 47,
427 3066 471 3118 ubi
488 3069 620 3139 sapienter
636 3067 668 3118 de
682 3067 735 3119 hoc
751 3065 860 3118 cesaris
905 3088 963 3121 rum
975 3071 1044 3120 ratio
1059 3067 1174 3120 obtinuit
1189 3087 1274 3140 usque
1292 3063 1328 3119 atl
1345 3068 1410 3117 Pon·

361 3145 472 3197 consilio
477 3147 807 3218 jndicat;uio,xxxv11,
816 3141 861 3212 54,
905 3148 1002 3200 tilicem
1014 3151 1043 3200 P.
1062 3149 1196 3214 Mucium,
1214 3145 1242 3199 h.
1262 3166 1285 3198 e.
1305 3145 1343 3198 ad
1357 3162 1410 3195 me-

361 3219 541 3298 seq.'Appian.
555 3225 617 3278 Bell.
631 3222 861 3294 civ.11,9;Flor.
905 3225 977 3279 dium
991 3245 1077 3299 prope
1090 3226 1208 3279 seculum
1222 3227 1367 3296 septimum
1376 3221 1409 3272 ab

361 3303 405 3368 Ν,
424 3320 454 3369 a,
470 3321 509 3355 ιι.
527 3305 615 3357 Minus
631 3315 753 3355 accurate
767 3300 858 3354 Vellei.
905 3307 937 3357 U.
946 3307 974 3358 C.
986 3319 1080 3377 postea
1091 3308 1204 3360 fortasse
1214 3304 1250 3356 ob
1261 3305 1356 3357 turbas
1367 3299 1409 3352 tlo-

360 3382 398 3448 ll,
413 3383 462 3450 44:
481 3382 555 3435 «hoc
568 3385 648 3454 igitur
661 3381 775 3434 Consule
791 3378 861 3448 (cae-
904 3385 1025 3436 meoticas
1043 3387 1148 3438 omissa.
1169 3385 1232 3438 ldeo
1248 3385 1336 3437 Cesar
1349 3381 1407 3433 cos.

360 3465 433 3538 sare)
448 3465 517 3518 inter
531 3485 593 3518 euru
606 3478 632 3516 et
643 3464 691 3516 Cn.
707 3463 860 3535 Pompeium
905 3475 963 3515 acta
971 3463 1067 3515 diurna
1077 3465 1202 3530 instituit,
1211 3475 1273 3535 post
1281 3467 1341 3536 ejus
1349 3477 1409 3514 con·

361 3557 387 3596 et
405 3545 440 3596 Μ.
460 3545 582 3597 Crassum
600 3545 663 3595 inita
676 3543 800 3614 potentiae
815 3559 860 3593 so·
905 3542 1020 3596 sulatum
1033 3555 1142 3615 propter
1156 3546 1324 3614 optimatium
1345 3541 1409 3593 invi·

360 3625 448 3676 cietas.
458 3625 525 3676 »Hic
533 3635 573 3675 est
580 3623 654 3693 prior
660 3622 860 3686 Triumuiratus,
905 3617 975 3672 tliam
986 3621 1132 3672 intermissa
1145 3619 1223 3690 (narn
1236 3639 1285 3690 per
1298 3615 1409 3692 aliquod

360 3701 393 3756 de
403 3704 565 3774 quobucan.
576 3700 666 3754 Phars.
679 3699 703 3765 l,
715 3700 748 3752 85
759 3717 831 3770 seqq.
905 3710 1008 3770 ternpus
1025 3701 1207 3751 commentarii
1223 3717 1311 3750 rerum
1327 3697 1408 3750 urba·

319 3781 322 3790 '
398 3783 455 3836 XX.
480 3801 501 3835 ι.
520 3781 663 3834 Primus...
685 3777 782 3829 diurna
802 3789 860 3829 acta
904 3797 997 3830 narum
1014 3781 1111 3852 privati
1125 3791 1228 3832 tantum
1244 3791 1338 3841 erant3
1353 3777 1405 3828 Cic.

360 3858 512 3932 confierent,
526 3873 576 3912 etc.
589 3859 657 3910 Huic
670 3855 789 3910 Suetonii
799 3853 859 3907 loco
904 3855 937 3908 ad
956 3859 1014 3910 Div.
1033 3859 1073 3925 ll,
1094 3859 1124 3922 8;
1139 3859 1212 3925 Vlll,
1231 3875 1253 3920 ι,
1273 3857 1308 3909 ad
1326 3855 1407 3909 Attio.

360 3935 859 4010 quumrefragarividerenturfragmen·
904 3937 1014 4008 v1,2)‚
1033 3937 1066 3990 ab
1083 3937 1176 3990 eodem
1194 3939 1298 3990 Cmsare
1312 3938 1407 3988 iterum

361 4028 385 4064 ta
398 4017 517 4084 quaedam
527 4032 645 4070 actorum
654 4017 764 4070 Senatus
775 4026 858 4083 etpo-
903 4015 1016 4068 Consule
1031 4031 1056 4069 et
1070 4019 1206 4069 Dictatore
1222 4029 1318 4086 postea
1333 4012 1406 4066 resti·

359 4094 415 4165 puli
432 4097 559 4164 Romani,
579 4099 690 4151 alterum
709 4097 772 4150 anni
791 4094 858 4162 586,
904 4107 968 4147 tnta.
980 4126 1015 4136 -
1031 4093 1178 4169 Conferant
1191 4094 1317 4148 Oudend.
1334 4092 1404 4146 resti·

360 4174 470 4226 alterum
479 4175 539 4244 692,
548 4177 616 4228 edita
624 4198 637 4228 a
645 4175 771 4229 Dodwell.
782 4175 858 4244 (l’rte
903 4175 966 4240 tuit,
982 4193 1032 4244 pro
1047 4174 1242 4247 conficerentur.

360 4252 421 4305 lect.
437 4253 562 4306 Camdeu.
578 4275 605 4326 p.
621 4254 786 4326 665-691),
802 4257 858 4325 qui·
940 4271 962 4304 a.
989 4255 1046 4322 Quo
1073 4273 1166 4306 mense.
1193 4253 1307 4305 Alternis
1334 4251 1403 4302 enim
