3026 5122
375 594 435 660 η,
739 571 775 634 c.
798 571 1036 638 ‘sneronrr

370 695 465 776 deta,
486 711 521 762 et
540 719 601 788 per
619 697 777 764 Senatum
797 696 1013 773 confirmate,
1031 693 1199 788 expellere
1214 697 1317 762 ermis
1332 699 1411 762 nite

370 821 473 874 retur.
501 803 720 874 Hortantibus
748 807 861 900 itaque
886 803 1080 887 nonnulle,
1103 827 1321 897 percussores
1332 815 1356 842 ¹⁰
1383 808 1409 872 ei

371 914 585 999 subornavit,
610 941 650 983 oc
672 914 790 983 fraude
811 915 1041 1009 deprehensa,
1062 913 1251 1007 periculum
1272 915 1411 981 invicem

370 1044 543 1108 metuens,
558 1042 733 1094 veteranos
745 1036 765 1064 ¹¹
782 1025 881 1094 simul
895 1030 931 1093 in
946 1048 1045 1094 suum
1057 1050 1097 1092 ec
1110 1024 1315 1118 Reipublicae
1328 1027 1412 1091 euxi-

370 1135 476 1220 lium,
507 1156 633 1232 quanta
662 1140 773 1230 potuit
799 1137 996 1228 largitione,
1024 1137 1200 1204 contraxit.
1230 1139 1412 1228 Jussusque

371 1264 566 1340 comparato
575 1253 735 1317 exercitui
746 1255 809 1316 Pro
820 1264 964 1342 praetore
973 1255 1212 1341 praeesse'’,et
1221 1271 1301 1314 curn
1312 1249 1412 1314 Hirtio

370 1383 411 1426 ec
438 1365 562 1442 Panse,
587 1365 646 1453 qui
670 1359 884 1428 consulatum
910 1372 1129 1450 acceperant,
1154 1359 1293 1426 Decimo
1319 1363 1413 1450 Bruto

372 1493 471 1562 opem
490 1469 597 1551 ferre,
619 1467 860 1538 demandatum
877 1467 1006 1536 bellurn
1025 1469 1123 1536 tertio
1141 1492 1257 1536 mense
1277 1469 1413 1536 confecit

372 1575 505 1646 duobus
515 1577 538 1617 ¹³
553 1577 688 1671 praeliis.
702 1580 815 1647 Priore
829 1577 992 1646 Antonius
1005 1599 1085 1644 eum
1097 1575 1224 1672 fugisse
1235 1576 1368 1662 scribit,
1378 1601 1413 1644 ac

372 1815 440 1866 timor
448 1815 527 1868 ltaliss
534 1818 692 1871 immineret:
701 1819 815 1891 Appinn.
825 1821 874 1886 111,
918 1837 981 1890 pro,
991 1840 1002 1865 ι
1011 1817 1176 1870 subornarit.
1186 1817 1245 1870 Hae
1254 1816 1362 1868 fraude.
1372 1855 1377 1867 .
1388 1839 1410 1865 .·

374 1911 425 1962 273
444 1896 513 1961 Dio,
532 1899 616 1966 XLV,
632 1915 658 1968 9.
678 1901 747 1953 Vell.
766 1902 804 1967 11,
823 1903 872 1956 60:
956 1915 997 1950 tt.
1014 1899 1191 1952 Veterator...
1200 1897 1342 1950 convexit.
1353 1894 1413 1946 Vell.

376 1973 468 2025 uidem
482 1979 647 2046 provinciam
661 1983 694 2032 Ι).
708 1983 790 2033 Bruto
803 1979 874 2032 desi·
918 1995 976 2050 cap.
989 1977 1021 2030 61
1040 1999 1046 2028 :
1066 1979 1256 2049 «primumque
1270 1995 1287 2028 a
1302 1975 1413 2040 Calatia,

372 2066 453 2122 gnato
469 2055 577 2108 Contuli
593 2056 741 2127 decretam,
761 2059 873 2115 Gellium
918 2075 979 2108 mox
993 2077 1008 2108 a
1022 2057 1155 2122 Casilino,
1172 2069 1315 2109 veteranos
1330 2056 1414 2107 excivit

374 2151 505 2205 occupare
519 2138 618 2188 statuit.
633 2161 644 2184 ι
660 2137 731 2191 Flor.
748 2138 766 2191 l.
784 2158 807 2190 c.
825 2151 875 2190 set
917 2150 1061 2208 pstern0s;
1080 2154 1194 2208 quorum
1211 2133 1363 2206 exemplum
1375 2150 1414 2184 se-

370 2212 425 2279 jam
446 2226 539 2283 parato
559 2217 720 2268 exercituin
742 2216 875 2289 Cisalpine
919 2217 973 2267 euti
995 2216 1057 2281 ulli,
1079 2215 1199 2266 breviis
1220 2214 1338 2265 formem
1356 2215 1414 2284 justi

373 2289 457 2342 Gellia
484 2292 648 2346 resistentem
675 2293 793 2347 motibus
819 2297 874 2347 ruit
918 2298 1006 2348 coiere
1017 2297 1155 2348 exercitus.
1169 2295 1232 2346 Mox
1243 2313 1329 2366 quum
1340 2294 1415 2344 Anto·

373 2369 439 2420 Dec.
455 2370 565 2422 Brutum
580 2371 750 2425 obsidebat.»
765 2374 805 2425 cf.
818 2374 872 2425 Cic.
918 2377 978 2428 niue
986 2377 1145 2432 occurrisset
1152 2376 1295 2441 exercitui,
1307 2389 1415 2446 quemex

372 2447 487 2522 Philipp.
500 2453 542 2502 ΙΙΙ.
917 2453 1246 2526 transmarinisprovinciis
1252 2452 1416 2504 Brundisium

412 2547 452 2580 ro.
476 2533 636 2584 Percussum
652 2532 677 2584 εἰ
693 2531 872 2585 sertor-navit.-
917 2535 1007 2586 venire
1026 2537 1160 2606 jusserat,
1182 2532 1252 2604 legio
1277 2533 1373 2584 Martia
1393 2541 1416 2582 et

373 2606 448 2680 quod
456 2608 499 2661 olii
508 2629 611 2674 verum,
622 2611 666 2662 elii
679 2611 769 2664 lictum
779 2610 812 2662 eb
820 2612 874 2662 Au·
917 2615 1035 2681 Quarta,
1048 2613 1154 2683 cognitu
1166 2625 1193 2664 et
1203 2612 1319 2664 Senatus
1328 2609 1415 2662 volun-

373 2691 448 2740 tonio
459 2690 784 2757 credebant‚utinvidisn
791 2693 874 2744 ocu-
918 2705 971 2745 tete
983 2704 1009 2744 et
1022 2692 1087 2743 tenti
1098 2692 1200 2760 juvenis
1212 2689 1327 2755 indole,
1336 2686 1415 2740 suble·

372 2768 539 2836 violarem,
553 2783 579 2823 et
590 2773 617 2822 iu
629 2774 769 2842 pecuniam
782 2771 874 2823 odole-
918 2773 951 2824 tis
967 2772 1049 2842 signis
1066 2768 1101 2831 ed
1116 2769 1243 2822 Cererem
1259 2788 1290 2822 se
1304 2766 1416 2822 contule·

372 2850 469 2899 scentis
482 2851 609 2920 impetum
622 2853 728 2905 luceret.
743 2849 802 2901 Vid.
815 2851 872 2904 Cic.
918 2864 1010 2903 runt·
1033 2850 1112 2902 Conf.
1128 2850 1185 2902 Cic.
1201 2847 1320 2922 Philipp.
1337 2850 1385 2913 111,
1402 2861 1415 2896 t

373 2923 409 2974 ed
426 2925 485 2976 Diu.
505 2927 567 2993 xit,
589 2930 638 2990 23;
657 2931 749 2982 Senec.
765 2929 798 2981 de
812 2929 874 2982 cte
918 2949 990 3004 seq.;
1011 2930 1046 2983 ed
1064 2931 1144 2983 Attio.
1163 2931 1239 2994 xvi,
1253 2929 1290 2990 8;
1312 2941 1339 2982 et
1355 2943 1416 3000 quot

372 3017 452 3055 ment.
463 3007 474 3056 I
482 3042 490 3068 ,
501 3023 534 3074 9;
547 3006 679 3060 Plutarch.
691 3012 751 3060 Ant.
764 3009 809 3070 16;
819 3009 875 3080 tp-
917 3007 1010 3062 leudet
1023 3011 1174 3080 Beumgert.

372 3083 443 3154 pien.
456 3086 505 3150 111,
516 3087 565 3155 395
577 3089 655 3140 Dion.
669 3089 747 3154 XLV,
761 3091 776 3142 8
788 3111 794 3139 ι
808 3107 873 3160 quo·
957 3106 997 3141 ru.
1015 3091 1208 3162 musque...
1223 3105 1340 3158 preesse.
1354 3079 1415 3136 Vell.
1446 3123 1450 3130 .

291 3209 295 3214 .
372 3180 430 3214 rum
445 3161 559 3218 diversos
575 3167 765 3220 sententiesde
780 3168 874 3221 lisere
918 3168 982 3221 ibid.
1005 3187 1087 3221 «eum
1108 3170 1239 3232 Senatus,
1259 3166 1416 3218 honoratum

368 3240 424 3308 jam
439 3258 658 3311 comparaverunt
670 3247 783 3298 Casaub.
797 3248 831 3300 sd
844 3246 872 3298 h.
919 3251 1033 3320 equestri
1043 3261 1142 3300 stetur.
1152 3286 1159 3300 .
1171 3287 1177 3300 .
1190 3265 1238 3318 pro
1249 3248 1417 3298 Pretoreunt

372 3316 390 3368 l.
406 3333 432 3370 et
445 3321 539 3372 Krene.
555 3322 589 3373 ud
603 3324 669 3376 Vell.
684 3326 723 3390 ll,
736 3326 787 3392 60,
798 3346 874 3379 men·
918 3346 979 3380 cum
994 3326 1148 3380 consulibus
1161 3325 1325 3398 designatis,
1338 3322 1416 3374 Hirtio

371 3397 441 3450 dacii
452 3402 597 3452 Antonium
609 3401 705 3454 diserte
718 3419 875 3475 arguentem
919 3419 946 3460 et
955 3405 1167 3474 Pensa,bellum
1177 3423 1238 3457 cum
1247 3404 1366 3455 Antonio
1375 3419 1417 3470 pe·

373 3478 458 3530 verbis
470 3501 476 3530 t
493 3502 503 3526 ι
514 3483 679 3549 montium,
690 3483 761 3536 uelut
772 3485 874 3538 insidiis
919 3504 976 3538 rere
985 3488 1071 3556 jussit.
1083 3509 1094 3532 ι
1111 3484 1188 3536 Conl.
1199 3484 1255 3536 Cic.
1266 3479 1416 3553 Philipp-V,

373 3559 429 3627 ejus
450 3560 564 3630 petitus,
589 3558 698 3613 sceleste
722 3563 874 3617 insimulare
922 3563 1020 3637 16seq.
1036 3577 1063 3616 et
1078 3565 1230 3634 Bsumgert.
1248 3561 1286 3614 td
1303 3575 1417 3614 nostrum

372 3639 468 3708 coepit;
482 3640 509 3689 in
521 3657 575 3709 quo
587 3643 701 3710 turpiter
709 3639 874 3712 deprehensa
918 3641 991 3696 hunc
1006 3643 1103 3696 locum.

373 3717 430 3785 ejus
444 3719 545 3770 vanitas
561 3731 632 3771 est.»
648 3717 737 3786 Idem,
752 3717 797 3770 fin.
813 3737 873 3790 cap.
958 3725 997 3777 13.
1012 3725 1119 3778 Duobus
1125 3721 1224 3795 preliis
1230 3743 1240 3784 ,-
1252 3739 1367 3794 quorum
1376 3715 1418 3768 de·

375 3819 386 3840 ι(
396 3798 425 3850 C.
440 3799 565 3850 Cursarem
575 3802 700 3872 juvenem
713 3798 874 3870 quotidianis
919 3799 1228 3875 scriptionemlegeepud
1234 3794 1417 3872 Appiamllell.

372 3877 482 3928 Antonii
501 3880 614 3949 petitum
637 3878 758 3932 insidiis·
782 3890 874 3930 contre
918 3879 1306 3948 civ.111,67-71‚etnton.
1325 3875 1418 3938 XLVI,

373 3951 502 4022 affirmat,
519 3955 593 4028 quod
608 3957 748 4029 reposuisse
764 3957 874 4008 Antonii
919 3956 967 4026 37,
985 3959 1031 4029 qui
1048 3959 1140 4009 vicisse
1159 3955 1266 4028 quidem
1285 3958 1315 4009 in
1334 3955 1418 4026 priore

373 4034 525 4086 criminibus
532 4037 787 4102 Octavium‚ouctor
794 4037 874 4087 etiem
918 4039 1062 4090 Antonium
1075 4050 1201 4100 uerrunt;
1219 4035 1267 4088 sed
1285 4047 1376 4088 tacent
1388 4031 1418 4084 de

372 4122 413 4162 est
423 4112 537 4181 Appiae.
550 4115 567 4165 l.
580 4133 603 4165 c.
622 4115 685 4168 lnde
697 4117 812 4168 Noster:
825 4132 874 4185 pe·
910 4117 983 4186 dege
992 4118 1102 4176 Octavii.
1113 4117 1191 4168 cont.
1201 4115 1256 4166 Cic.
1267 4113 1303 4165 ed
1313 4115 1372 4166 Dtv.
1381 4110 1417 4175 ll,

372 4187 485 4240 rr'culum
500 4193 609 4244 invicem
624 4205 753 4260 metuens,
767 4208 817 4246 etc.
838 4223 874 4234 -
922 4212 967 4263 11,
982 4195 1029 4262 14,
1042 4197 1154 4248 maxime
1166 4195 1216 4257 30;
1228 4193 1281 4260 xl,
1296 4193 1344 4254 13;
1355 4187 1416 4240 Vell·

373 4268 412 4320 Ac
424 4269 527 4336 fraude.
542 4272 581 4322 lta
595 4275 684 4344 recepi
698 4292 758 4326 cum
773 4273 873 4328 Wolfio
918 4273 936 4326 l.
949 4293 973 4326 e.
995 4275 1048 4328 «td
1062 4273 1200 4346 (bellum)
1217 4272 1252 4325 ab
1270 4290 1303 4326 eo
1323 4285 1417 4324 annum
