<?xml version="1.0" encoding="UTF-8"?>
<!DOCTYPE html PUBLIC "-//W3C//DTD XHTML 1.0 Transitional//EN"
    "http://www.w3.org/TR/xhtml1/DTD/xhtml1-transitional.dtd">
<html xmlns="http://www.w3.org/1999/xhtml" xml:lang="en" lang="en">
 <head>
  <title>
</title>
<meta http-equiv="Content-Type" content="text/html;charset=utf-8" />
  <meta name='ocr-system' content='tesseract 3.04.00' />
  <meta name='ocr-capabilities' content='ocr_page ocr_carea ocr_par ocr_line ocrx_word'/>
</head>
<body>
  <div class='ocr_page' id='page_1' title='image "./csuetoniitranqu02suetgoog_0376.png"; bbox 0 0 3120 5136; ppageno 0'>
   <div class='ocr_carea' id='block_1_1' title="bbox 408 593 1069 664">
    <p class='ocr_par' dir='ltr' id='par_1_1' title="bbox 408 593 1069 664">
     <span class='ocr_line' id='line_1_1' title="bbox 408 593 1069 664; baseline -0.014 0"><span class='ocrx_word' id='word_1_1' title='bbox 408 600 474 664; x_wconf 74' lang='lat'><strong>310</strong></span> <span class='ocrx_word' id='word_1_2' title='bbox 776 595 812 658; x_wconf 91' lang='lat' dir='ltr'><strong>C.</strong></span> <span class='ocrx_word' id='word_1_3' title='bbox 838 593 1069 659; x_wconf 85' lang='lat' dir='ltr'><strong>SUETONll</strong></span> 
     </span>
    </p>
   </div>
   <div class='ocr_carea' id='block_1_2' title="bbox 405 719 1547 1922">
    <p class='ocr_par' dir='ltr' id='par_1_2' title="bbox 405 719 1547 1922">
     <span class='ocr_line' id='line_1_2' title="bbox 407 719 1547 818; baseline -0.003 -27"><span class='ocrx_word' id='word_1_4' title='bbox 407 749 425 791; x_wconf 90' lang='lat' dir='ltr'><strong>e</strong></span> <span class='ocrx_word' id='word_1_5' title='bbox 453 725 656 818; x_wconf 72' lang='lat' dir='ltr'><strong>praetextatis</strong></span> <span class='ocrx_word' id='word_1_6' title='bbox 680 719 932 813; x_wconf 84' lang='lat' dir='ltr'>compluribus,</span> <span class='ocrx_word' id='word_1_7' title='bbox 959 721 1203 791; x_wconf 71' lang='lat' dir='ltr'><strong>circum-aram</strong></span> <span class='ocrx_word' id='word_1_8' title='bbox 1230 719 1446 803; x_wconf 87' lang='lat' dir='ltr'><strong>ludentibus,</strong></span> <span class='ocrx_word' id='word_1_9' title='bbox 1546 787 1547 802; x_wconf 57' lang='grc'>,</span> 
     </span>
     <span class='ocr_line' id='line_1_3' title="bbox 407 823 1448 925; baseline -0.004 -23"><span class='ocrx_word' id='word_1_10' title='bbox 407 860 515 902; x_wconf 91' lang='lat' dir='ltr'><strong>unum</strong></span> <span class='ocrx_word' id='word_1_11' title='bbox 533 836 731 914; x_wconf 88' lang='lat' dir='ltr'><strong>secrevisse,</strong></span> <span class='ocrx_word' id='word_1_12' title='bbox 752 847 854 925; x_wconf 87' lang='lat' dir='ltr'><strong>atque</strong></span> <span class='ocrx_word' id='word_1_13' title='bbox 870 833 905 898; x_wconf 92' lang='lat' dir='ltr'><strong>in</strong></span> <span class='ocrx_word' id='word_1_14' title='bbox 922 823 1125 923; x_wconf 84' lang='lat' dir='ltr'><strong>ejussinum</strong></span> <span class='ocrx_word' id='word_1_15' title='bbox 1141 834 1308 923; x_wconf 83' lang='lat' dir='ltr'><strong>signum¹⁷</strong></span> <span class='ocrx_word' id='word_1_16' title='bbox 1326 834 1448 924; x_wconf 86' lang='lat' dir='ltr'><strong>Reipu-</strong></span> 
     </span>
     <span class='ocr_line' id='line_1_4' title="bbox 406 939 1447 1037; baseline -0.004 -25"><span class='ocrx_word' id='word_1_17' title='bbox 406 944 519 1026; x_wconf 84' lang='lat' dir='ltr'><strong>blieae‚</strong></span> <span class='ocrx_word' id='word_1_18' title='bbox 538 942 627 1037; x_wconf 91' lang='lat' dir='ltr'><strong>quod</strong></span> <span class='ocrx_word' id='word_1_19' title='bbox 640 965 742 1008; x_wconf 87' lang='lat' dir='ltr'><strong>manu</strong></span> <span class='ocrx_word' id='word_1_20' title='bbox 757 956 919 1032; x_wconf 75' lang='lat' dir='ltr'><strong>gestaret,</strong></span> <span class='ocrx_word' id='word_1_21' title='bbox 934 943 1136 1032; x_wconf 85' lang='lat' dir='ltr'><strong>reposuisse.</strong></span> <span class='ocrx_word' id='word_1_22' title='bbox 1152 939 1224 1008; x_wconf 76' lang='lat' dir='ltr'><strong>lt¹⁸</strong></span> <span class='ocrx_word' id='word_1_23' title='bbox 1239 944 1447 1035; x_wconf 87' lang='lat' dir='ltr'><strong>insequenti,</strong></span> 
     </span>
     <span class='ocr_line' id='line_1_5' title="bbox 405 1050 1449 1143; baseline -0.003 -23"><span class='ocrx_word' id='word_1_24' title='bbox 405 1051 680 1120; x_wconf 89' lang='lat' dir='ltr'><strong>animadvertisse</strong></span> <span class='ocrx_word' id='word_1_25' title='bbox 692 1074 728 1118; x_wconf 90' lang='lat' dir='ltr'><strong>se</strong></span> <span class='ocrx_word' id='word_1_26' title='bbox 740 1053 775 1117; x_wconf 92' lang='lat' dir='ltr'><strong>in</strong></span> <span class='ocrx_word' id='word_1_27' title='bbox 786 1051 914 1141; x_wconf 88' lang='lat' dir='ltr'><strong>gremio</strong></span> <span class='ocrx_word' id='word_1_28' title='bbox 922 1050 1099 1143; x_wconf 88' lang='lat' dir='ltr'><strong>Capitolini</strong></span> <span class='ocrx_word' id='word_1_29' title='bbox 1112 1055 1131 1117; x_wconf 92' lang='lat' dir='ltr'>J</span> <span class='ocrx_word' id='word_1_30' title='bbox 1133 1054 1203 1117; x_wconf 91' lang='lat' dir='ltr'><strong>ovis</strong></span> <span class='ocrx_word' id='word_1_31' title='bbox 1216 1050 1361 1118; x_wconf 90' lang='lat' dir='ltr'><strong>eundem</strong></span> <span class='ocrx_word' id='word_1_32' title='bbox 1373 1074 1449 1143; x_wconf 81' lang='lat' dir='ltr'><strong>pue</strong></span> 
     </span>
     <span class='ocr_line' id='line_1_6' title="bbox 406 1158 1448 1258; baseline -0.002 -28"><span class='ocrx_word' id='word_1_33' title='bbox 406 1187 501 1246; x_wconf 75' lang='lat' dir='ltr'><strong>rum,</strong></span> <span class='ocrx_word' id='word_1_34' title='bbox 521 1187 623 1258; x_wconf 92' lang='lat' dir='ltr'><strong>quem</strong></span> <span class='ocrx_word' id='word_1_35' title='bbox 637 1186 744 1257; x_wconf 90' lang='lat' dir='ltr'><strong>quum</strong></span> <span class='ocrx_word' id='word_1_36' title='bbox 757 1159 888 1230; x_wconf 80' lang='lat' dir='ltr'><strong>detrahi</strong></span> <span class='ocrx_word' id='word_1_37' title='bbox 903 1158 1074 1252; x_wconf 84' lang='lat' dir='ltr'><strong>jussisset,</strong></span> <span class='ocrx_word' id='word_1_38' title='bbox 1096 1161 1304 1254; x_wconf 90' lang='lat' dir='ltr'><strong>prohibitum</strong></span> <span class='ocrx_word' id='word_1_39' title='bbox 1319 1163 1448 1230; x_wconf 87' lang='lat' dir='ltr'><strong>monitu</strong></span> 
     </span>
     <span class='ocr_line' id='line_1_7' title="bbox 405 1270 1448 1367; baseline -0.002 -27"><span class='ocrx_word' id='word_1_40' title='bbox 405 1276 485 1355; x_wconf 90' lang='lat' dir='ltr'><strong>Dei,</strong></span> <span class='ocrx_word' id='word_1_41' title='bbox 506 1289 668 1367; x_wconf 84' lang='lat' dir='ltr'><strong>tanquam</strong></span> <span class='ocrx_word' id='word_1_42' title='bbox 686 1275 714 1338; x_wconf 92' lang='lat' dir='ltr'><strong>is</strong></span> <span class='ocrx_word' id='word_1_43' title='bbox 733 1271 777 1338; x_wconf 94' lang='lat' dir='ltr'><strong>ad</strong></span> <span class='ocrx_word' id='word_1_44' title='bbox 794 1270 933 1339; x_wconf 88' lang='lat' dir='ltr'><strong>tutelam</strong></span> <span class='ocrx_word' id='word_1_45' title='bbox 948 1270 1152 1364; x_wconf 78' lang='lat' dir='ltr'><strong>Reipublicae</strong></span> <span class='ocrx_word' id='word_1_46' title='bbox 1171 1272 1380 1340; x_wconf 86' lang='lat' dir='ltr'><strong>educaretur.</strong></span> <span class='ocrx_word' id='word_1_47' title='bbox 1404 1278 1448 1338; x_wconf 79' lang='lat' dir='ltr'><strong>Ac</strong></span> 
     </span>
     <span class='ocr_line' id='line_1_8' title="bbox 406 1383 1448 1478; baseline 0 -28"><span class='ocrx_word' id='word_1_48' title='bbox 406 1383 460 1450; x_wconf 90' lang='lat' dir='ltr'><strong>die</strong></span> <span class='ocrx_word' id='word_1_49' title='bbox 476 1386 649 1476; x_wconf 85' lang='lat' dir='ltr'><strong>proximo,</strong></span> <span class='ocrx_word' id='word_1_50' title='bbox 671 1383 808 1451; x_wconf 91' lang='lat' dir='ltr'><strong>obvium</strong></span> <span class='ocrx_word' id='word_1_51' title='bbox 825 1384 888 1452; x_wconf 90' lang='lat' dir='ltr'><strong>sibi</strong></span> <span class='ocrx_word' id='word_1_52' title='bbox 902 1389 1108 1475; x_wconf 76' lang='lat' dir='ltr'><strong>Augustum,</strong></span> <span class='ocrx_word' id='word_1_53' title='bbox 1123 1407 1229 1478; x_wconf 89' lang='lat' dir='ltr'><strong>quum</strong></span> <span class='ocrx_word' id='word_1_54' title='bbox 1241 1385 1448 1474; x_wconf 89' lang='lat' dir='ltr'><strong>incognitum</strong></span> 
     </span>
     <span class='ocr_line' id='line_1_9' title="bbox 407 1493 1448 1577; baseline 0.001 -17"><span class='ocrx_word' id='word_1_55' title='bbox 407 1494 489 1562; x_wconf 85' lang='lat' dir='ltr'><strong>alias</strong></span> <span class='ocrx_word' id='word_1_56' title='bbox 509 1495 667 1576; x_wconf 86' lang='lat' dir='ltr'><strong>haberet,</strong></span> <span class='ocrx_word' id='word_1_57' title='bbox 694 1519 763 1562; x_wconf 90' lang='lat' dir='ltr'><strong>non</strong></span> <span class='ocrx_word' id='word_1_58' title='bbox 784 1496 855 1562; x_wconf 90' lang='lat' dir='ltr'><strong>sine</strong></span> <span class='ocrx_word' id='word_1_59' title='bbox 876 1495 1097 1563; x_wconf 81' lang='lat' dir='ltr'><strong>admiratione</strong></span> <span class='ocrx_word' id='word_1_60' title='bbox 1116 1497 1302 1577; x_wconf 89' lang='lat' dir='ltr'><strong>contuitus,</strong></span> <span class='ocrx_word' id='word_1_61' title='bbox 1325 1493 1448 1562; x_wconf 89' lang='lat' dir='ltr'><strong>similli-</strong></span> 
     </span>
     <span class='ocr_line' id='line_1_10' title="bbox 406 1603 1449 1701; baseline 0 -28"><span class='ocrx_word' id='word_1_62' title='bbox 406 1631 501 1676; x_wconf 91' lang='lat' dir='ltr'><strong>mum</strong></span> <span class='ocrx_word' id='word_1_63' title='bbox 513 1608 596 1676; x_wconf 89' lang='lat' dir='ltr'><strong>dixit</strong></span> <span class='ocrx_word' id='word_1_64' title='bbox 606 1631 729 1701; x_wconf 91' lang='lat' dir='ltr'><strong>puero,</strong></span> <span class='ocrx_word' id='word_1_65' title='bbox 744 1606 786 1674; x_wconf 92' lang='lat' dir='ltr'><strong>de</strong></span> <span class='ocrx_word' id='word_1_66' title='bbox 799 1631 867 1701; x_wconf 91' lang='lat' dir='ltr'><strong>quo</strong></span> <span class='ocrx_word' id='word_1_67' title='bbox 879 1603 1087 1675; x_wconf 80' lang='lat' dir='ltr'><strong>somniasset.</strong></span> <span class='ocrx_word' id='word_1_68' title='bbox 1101 1607 1246 1693; x_wconf 89' lang='lat' dir='ltr'><strong>Quidam</strong></span> <span class='ocrx_word' id='word_1_69' title='bbox 1258 1609 1353 1699; x_wconf 83' lang='lat' dir='ltr'><strong>prius</strong></span> <span class='ocrx_word' id='word_1_70' title='bbox 1364 1630 1449 1674; x_wconf 90' lang='lat' dir='ltr'><strong>som·</strong></span> 
     </span>
     <span class='ocr_line' id='line_1_11' title="bbox 406 1715 1448 1813; baseline 0.001 -30"><span class='ocrx_word' id='word_1_71' title='bbox 406 1719 501 1784; x_wconf 88' lang='lat' dir='ltr'><strong>nium</strong></span> <span class='ocrx_word' id='word_1_72' title='bbox 516 1717 626 1785; x_wconf 91' lang='lat' dir='ltr'><strong>Catuli</strong></span> <span class='ocrx_word' id='word_1_73' title='bbox 645 1717 741 1784; x_wconf 90' lang='lat' dir='ltr'><strong>aliter</strong></span> <span class='ocrx_word' id='word_1_74' title='bbox 758 1734 949 1809; x_wconf 87' lang='lat' dir='ltr'><strong>expommt,</strong></span> <span class='ocrx_word' id='word_1_75' title='bbox 970 1721 1065 1813; x_wconf 90' lang='lat' dir='ltr'><strong>quasi</strong></span> <span class='ocrx_word' id='word_1_76' title='bbox 1085 1721 1251 1810; x_wconf 83' lang='lat' dir='ltr'><strong>Jupiter¹⁹</strong></span> <span class='ocrx_word' id='word_1_77' title='bbox 1269 1715 1448 1808; x_wconf 87' lang='lat' dir='ltr'><strong>compluti·</strong></span> 
     </span>
     <span class='ocr_line' id='line_1_12' title="bbox 407 1827 1447 1922; baseline -0.004 -26"><span class='ocrx_word' id='word_1_78' title='bbox 407 1827 471 1896; x_wconf 89' lang='lat' dir='ltr'><strong>bus</strong></span> <span class='ocrx_word' id='word_1_79' title='bbox 488 1832 707 1921; x_wconf 83' lang='lat' dir='ltr'><strong>praetextatis,</strong></span> <span class='ocrx_word' id='word_1_80' title='bbox 727 1845 874 1897; x_wconf 88' lang='lat' dir='ltr'><strong>tutorem</strong></span> <span class='ocrx_word' id='word_1_81' title='bbox 889 1853 908 1894; x_wconf 87' lang='lat' dir='ltr'><strong>a</strong></span> <span class='ocrx_word' id='word_1_82' title='bbox 924 1853 960 1896; x_wconf 91' lang='lat' dir='ltr'><strong>se</strong></span> <span class='ocrx_word' id='word_1_83' title='bbox 976 1828 1206 1922; x_wconf 88' lang='lat' dir='ltr'><strong>poscentibus,</strong></span> <span class='ocrx_word' id='word_1_84' title='bbox 1221 1852 1334 1895; x_wconf 89' lang='lat' dir='ltr'><strong>unum</strong></span> <span class='ocrx_word' id='word_1_85' title='bbox 1348 1851 1390 1893; x_wconf 83' lang='lat' dir='ltr'><strong>ex</strong></span> <span class='ocrx_word' id='word_1_86' title='bbox 1403 1829 1447 1893; x_wconf 87' lang='lat' dir='ltr'><strong>eis</strong></span> 
     </span>
    </p>
   </div>
   <div class='ocr_carea' id='block_1_3' title="bbox 301 1937 1446 2033">
    <p class='ocr_par' dir='ltr' id='par_1_3' title="bbox 301 1937 1446 2033">
     <span class='ocr_line' id='line_1_13' title="bbox 301 1937 1446 2033; baseline 0.001 -31"><span class='ocrx_word' id='word_1_87' title='bbox 301 1957 303 1962; x_wconf 78' lang='grc'>’</span> <span class='ocrx_word' id='word_1_88' title='bbox 407 1937 686 2022; x_wconf 84' lang='lat' dir='ltr'><strong>demonstrasset,</strong></span> <span class='ocrx_word' id='word_1_89' title='bbox 706 1938 750 2006; x_wconf 87' lang='lat' dir='ltr'><strong>ad</strong></span> <span class='ocrx_word' id='word_1_90' title='bbox 767 1963 869 2033; x_wconf 89' lang='lat' dir='ltr'><strong>quem</strong></span> <span class='ocrx_word' id='word_1_91' title='bbox 885 1942 997 2008; x_wconf 85' lang='lat' dir='ltr'><strong>omnia</strong></span> <span class='ocrx_word' id='word_1_92' title='bbox 1013 1939 1177 2008; x_wconf 85' lang='lat' dir='ltr'><strong>desideria</strong></span> <span class='ocrx_word' id='word_1_93' title='bbox 1193 1963 1253 2006; x_wconf 87' lang='lat' dir='ltr'><strong>sua</strong></span> <span class='ocrx_word' id='word_1_94' title='bbox 1269 1938 1446 2018; x_wconf 74' lang='lat' dir='ltr'><strong>referrent,</strong></span> 
     </span>
    </p>
   </div>
   <div class='ocr_carea' id='block_1_4' title="bbox 407 2045 1448 2583">
    <p class='ocr_par' dir='ltr' id='par_1_4' title="bbox 407 2045 1448 2583">
     <span class='ocr_line' id='line_1_14' title="bbox 407 2045 1448 2144; baseline 0.002 -30"><span class='ocrx_word' id='word_1_95' title='bbox 407 2045 548 2142; x_wconf 90' lang='lat' dir='ltr'><strong>ejusque</strong></span> <span class='ocrx_word' id='word_1_96' title='bbox 567 2050 752 2117; x_wconf 86' lang='lat' dir='ltr'><strong>osculum²⁰</strong></span> <span class='ocrx_word' id='word_1_97' title='bbox 768 2048 950 2118; x_wconf 88' lang='lat' dir='ltr'><strong>delibatum</strong></span> <span class='ocrx_word' id='word_1_98' title='bbox 963 2049 1075 2144; x_wconf 87' lang='lat' dir='ltr'><strong>digitis</strong></span> <span class='ocrx_word' id='word_1_99' title='bbox 1089 2051 1132 2119; x_wconf 89' lang='lat' dir='ltr'><strong>ad</strong></span> <span class='ocrx_word' id='word_1_100' title='bbox 1146 2075 1183 2118; x_wconf 91' lang='lat' dir='ltr'><strong>os</strong></span> <span class='ocrx_word' id='word_1_101' title='bbox 1203 2075 1304 2118; x_wconf 91' lang='lat' dir='ltr'><strong>suum</strong></span> <span class='ocrx_word' id='word_1_102' title='bbox 1321 2049 1448 2116; x_wconf 78' lang='lat' dir='ltr'><strong>retulis-</strong></span> 
     </span>
     <span class='ocr_line' id='line_1_15' title="bbox 408 2159 1445 2254; baseline 0.002 -31"><span class='ocrx_word' id='word_1_103' title='bbox 408 2174 468 2226; x_wconf 86' lang='lat' dir='ltr'><strong>set.</strong></span> <span class='ocrx_word' id='word_1_104' title='bbox 488 2163 536 2226; x_wconf 93' lang='lat' dir='ltr'><strong>M.</strong></span> <span class='ocrx_word' id='word_1_105' title='bbox 554 2161 718 2239; x_wconf 86' lang='lat' dir='ltr'><strong>Cicero²¹,</strong></span> <span class='ocrx_word' id='word_1_106' title='bbox 733 2163 769 2225; x_wconf 91' lang='lat' dir='ltr'><strong>C.</strong></span> <span class='ocrx_word' id='word_1_107' title='bbox 788 2163 954 2229; x_wconf 76' lang='lat' dir='ltr'><strong>Caesarem</strong></span> <span class='ocrx_word' id='word_1_108' title='bbox 969 2163 1003 2228; x_wconf 93' lang='lat' dir='ltr'><strong>in</strong></span> <span class='ocrx_word' id='word_1_109' title='bbox 1019 2159 1220 2254; x_wconf 87' lang='lat' dir='ltr'><strong>Capitolium</strong></span> <span class='ocrx_word' id='word_1_110' title='bbox 1235 2175 1445 2253; x_wconf 85' lang='lat' dir='ltr'><strong>prosecutus,</strong></span> 
     </span>
     <span class='ocr_line' id='line_1_16' title="bbox 408 2271 1446 2363; baseline 0.001 -29"><span class='ocrx_word' id='word_1_111' title='bbox 408 2271 576 2336; x_wconf 89' lang='lat' dir='ltr'><strong>somnium</strong></span> <span class='ocrx_word' id='word_1_112' title='bbox 585 2271 735 2360; x_wconf 80' lang='lat' dir='ltr'><strong>pristinae</strong></span> <span class='ocrx_word' id='word_1_113' title='bbox 744 2274 851 2337; x_wconf 90' lang='lat' dir='ltr'><strong>noctis</strong></span> <span class='ocrx_word' id='word_1_114' title='bbox 861 2271 1078 2340; x_wconf 81' lang='lat' dir='ltr'><strong>familiaribus</strong></span> <span class='ocrx_word' id='word_1_115' title='bbox 1087 2273 1174 2339; x_wconf 87' lang='lat' dir='ltr'><strong>forte</strong></span> <span class='ocrx_word' id='word_1_116' title='bbox 1183 2271 1360 2338; x_wconf 84' lang='lat' dir='ltr'><strong>narrabat:</strong></span> <span class='ocrx_word' id='word_1_117' title='bbox 1373 2292 1446 2363; x_wconf 81' lang='lat' dir='ltr'><strong>pue</strong></span> 
     </span>
     <span class='ocr_line' id='line_1_17' title="bbox 408 2375 1444 2462; baseline 0.002 -18"><span class='ocrx_word' id='word_1_118' title='bbox 408 2403 501 2460; x_wconf 93' lang='lat' dir='ltr'><strong>rum,</strong></span> <span class='ocrx_word' id='word_1_119' title='bbox 511 2378 594 2445; x_wconf 84' lang='lat' dir='ltr'><strong>facie</strong></span> <span class='ocrx_word' id='word_1_120' title='bbox 603 2375 731 2445; x_wconf 88' lang='lat' dir='ltr'><strong>liberali</strong></span> <span class='ocrx_word' id='word_1_121' title='bbox 742 2377 942 2459; x_wconf 89' lang='lat' dir='ltr'><strong>,demissum</strong></span> <span class='ocrx_word' id='word_1_122' title='bbox 954 2381 1037 2449; x_wconf 83' lang='lat' dir='ltr'><strong>caelo</strong></span> <span class='ocrx_word' id='word_1_123' title='bbox 1047 2399 1164 2448; x_wconf 84' lang='lat' dir='ltr'><strong>catena</strong></span> <span class='ocrx_word' id='word_1_124' title='bbox 1175 2405 1296 2462; x_wconf 89' lang='lat' dir='ltr'><strong>aurea,</strong></span> <span class='ocrx_word' id='word_1_125' title='bbox 1308 2379 1444 2447; x_wconf 86' lang='lat' dir='ltr'><strong>adfores</strong></span> 
     </span>
     <span class='ocr_line' id='line_1_18' title="bbox 408 2488 1444 2583; baseline 0.001 -27"><span class='ocrx_word' id='word_1_126' title='bbox 408 2488 561 2581; x_wconf 88' lang='lat' dir='ltr'><strong>Capitolii</strong></span> <span class='ocrx_word' id='word_1_127' title='bbox 581 2490 785 2571; x_wconf 86' lang='lat' dir='ltr'><strong>constitisse,</strong></span> <span class='ocrx_word' id='word_1_128' title='bbox 806 2492 903 2583; x_wconf 90' lang='lat' dir='ltr'><strong>eique</strong></span> <span class='ocrx_word' id='word_1_129' title='bbox 926 2495 1046 2558; x_wconf 89' lang='lat' dir='ltr'><strong>Jovem</strong></span> <span class='ocrx_word' id='word_1_130' title='bbox 1065 2489 1238 2583; x_wconf 84' lang='lat' dir='ltr'><strong>flagellum</strong></span> <span class='ocrx_word' id='word_1_131' title='bbox 1257 2490 1444 2573; x_wconf 78' lang='lat' dir='ltr'><strong>tradidisse,</strong></span> 
     </span>
    </p>
   </div>
   <div class='ocr_carea' id='block_1_5' title="bbox 314 2599 1447 2696">
    <p class='ocr_par' dir='ltr' id='par_1_5' title="bbox 314 2599 1447 2696">
     <span class='ocr_line' id='line_1_19' title="bbox 314 2599 1447 2696; baseline 0.005 -34"><span class='ocrx_word' id='word_1_132' title='bbox 314 2656 316 2662; x_wconf 83' lang='grc'>.</span> <span class='ocrx_word' id='word_1_133' title='bbox 408 2599 545 2680; x_wconf 92' lang='lat' dir='ltr'><strong>deinde,</strong></span> <span class='ocrx_word' id='word_1_134' title='bbox 558 2614 697 2691; x_wconf 87' lang='lat' dir='ltr'><strong>repente</strong></span> <span class='ocrx_word' id='word_1_135' title='bbox 709 2603 859 2692; x_wconf 80' lang='lat' dir='ltr'><strong>Augusto</strong></span> <span class='ocrx_word' id='word_1_136' title='bbox 873 2602 961 2683; x_wconf 89' lang='lat' dir='ltr'><strong>viso,</strong></span> <span class='ocrx_word' id='word_1_137' title='bbox 979 2626 1079 2696; x_wconf 91' lang='lat' dir='ltr'><strong>quem</strong></span> <span class='ocrx_word' id='word_1_138' title='bbox 1094 2605 1247 2694; x_wconf 89' lang='lat' dir='ltr'><strong>ignotum</strong></span> <span class='ocrx_word' id='word_1_139' title='bbox 1261 2601 1371 2669; x_wconf 90' lang='lat' dir='ltr'><strong>adhuc</strong></span> <span class='ocrx_word' id='word_1_140' title='bbox 1382 2601 1447 2696; x_wconf 86' lang='lat' dir='ltr'><strong>ple·</strong></span> 
     </span>
    </p>
   </div>
   <div class='ocr_carea' id='block_1_6' title="bbox 406 2785 1448 4362">
    <p class='ocr_par' dir='ltr' id='par_1_6' title="bbox 406 2785 1448 4362">
     <span class='ocr_line' id='line_1_20' title="bbox 446 2785 1446 2859; baseline 0.002 -23"><span class='ocrx_word' id='word_1_141' title='bbox 446 2803 485 2856; x_wconf 90' lang='lat'><strong>¹7·</strong></span> <span class='ocrx_word' id='word_1_142' title='bbox 498 2787 607 2857; x_wconf 65' lang='lat' dir='ltr'><strong>Signum</strong></span> <span class='ocrx_word' id='word_1_143' title='bbox 617 2785 780 2856; x_wconf 82' lang='lat' dir='ltr'><strong>lleiprtblicoe.</strong></span> <span class='ocrx_word' id='word_1_144' title='bbox 794 2786 845 2836; x_wconf 91' lang='lat' dir='ltr'><strong>Dio</strong></span> <span class='ocrx_word' id='word_1_145' title='bbox 855 2805 909 2837; x_wconf 85' lang='lat' dir='ltr'><strong>ver·</strong></span> <span class='ocrx_word' id='word_1_146' title='bbox 953 2807 1007 2859; x_wconf 90' lang='lat' dir='ltr'><strong>quo</strong></span> <span class='ocrx_word' id='word_1_147' title='bbox 1022 2789 1143 2842; x_wconf 87' lang='lat' dir='ltr'><strong>osculum</strong></span> <span class='ocrx_word' id='word_1_148' title='bbox 1159 2788 1192 2840; x_wconf 82' lang='lat' dir='ltr'><strong>ab</strong></span> <span class='ocrx_word' id='word_1_149' title='bbox 1210 2788 1256 2839; x_wconf 92' lang='lat' dir='ltr'><strong>illo</strong></span> <span class='ocrx_word' id='word_1_150' title='bbox 1271 2787 1306 2840; x_wconf 88' lang='lat' dir='ltr'><strong>ad</strong></span> <span class='ocrx_word' id='word_1_151' title='bbox 1321 2807 1349 2840; x_wconf 81' lang='lat' dir='ltr'><strong>se</strong></span> <span class='ocrx_word' id='word_1_152' title='bbox 1362 2806 1446 2841; x_wconf 81' lang='lat' dir='ltr'><strong>revera</strong></span> 
     </span>
     <span class='ocr_line' id='line_1_21' title="bbox 408 2861 1446 2939; baseline 0.002 -21"><span class='ocrx_word' id='word_1_153' title='bbox 408 2868 452 2932; x_wconf 88' lang='lat' dir='ltr'><strong>tit,</strong></span> <span class='ocrx_word' id='word_1_154' title='bbox 463 2863 539 2918; x_wconf 72' lang='lat' dir='ltr'><strong>deira</strong></span> <span class='ocrx_word' id='word_1_155' title='bbox 550 2861 604 2920; x_wconf 70' lang='lat' dir='ltr'><strong>cirri</strong></span> <span class='ocrx_word' id='word_1_156' title='bbox 614 2864 654 2920; x_wconf 75' lang='lat' dir='ltr'><strong>eir</strong></span> <span class='ocrx_word' id='word_1_157' title='bbox 662 2862 762 2930; x_wconf 65' lang='grc' dir='ltr'><strong>Ῥοίμις,</strong></span> <span class='ocrx_word' id='word_1_158' title='bbox 775 2880 805 2916; x_wconf 82' lang='grc' dir='ltr'><strong>ιιι</strong></span> <span class='ocrx_word' id='word_1_159' title='bbox 818 2867 909 2936; x_wconf 86' lang='lat' dir='ltr'><strong>inepta</strong></span> <span class='ocrx_word' id='word_1_160' title='bbox 953 2867 1122 2920; x_wconf 82' lang='lat' dir='ltr'><strong>referebatur.</strong></span> <span class='ocrx_word' id='word_1_161' title='bbox 1145 2869 1194 2920; x_wconf 86' lang='lat' dir='ltr'><strong>llic</strong></span> <span class='ocrx_word' id='word_1_162' title='bbox 1205 2887 1304 2939; x_wconf 83' lang='lat' dir='ltr'><strong>pueros</strong></span> <span class='ocrx_word' id='word_1_163' title='bbox 1316 2865 1446 2921; x_wconf 78' lang='lat' dir='ltr'><strong>osculandi</strong></span> 
     </span>
     <span class='ocr_line' id='line_1_22' title="bbox 410 2945 1447 3018; baseline -0.002 -18"><span class='ocrx_word' id='word_1_164' title='bbox 410 2947 477 3000; x_wconf 87' lang='lat' dir='ltr'><strong>adeo</strong></span> <span class='ocrx_word' id='word_1_165' title='bbox 488 2949 909 3018; x_wconf 82' lang='lat' dir='ltr'><strong>appareatinterpretatioCasau-</strong></span> <span class='ocrx_word' id='word_1_166' title='bbox 952 2945 1049 2998; x_wconf 87' lang='lat' dir='ltr'><strong>modus</strong></span> <span class='ocrx_word' id='word_1_167' title='bbox 1064 2947 1138 3018; x_wconf 91' lang='lat' dir='ltr'><strong>apud</strong></span> <span class='ocrx_word' id='word_1_168' title='bbox 1153 2965 1203 2998; x_wconf 89' lang='lat' dir='ltr'><strong>nos</strong></span> <span class='ocrx_word' id='word_1_169' title='bbox 1220 2945 1308 2998; x_wconf 86' lang='lat' dir='ltr'><strong>adhuc</strong></span> <span class='ocrx_word' id='word_1_170' title='bbox 1322 2949 1399 2999; x_wconf 87' lang='lat' dir='ltr'><strong>etiarn</strong></span> <span class='ocrx_word' id='word_1_171' title='bbox 1412 2959 1447 2998; x_wconf 78' lang='lat' dir='ltr'><strong>ert</strong></span> 
     </span>
     <span class='ocr_line' id='line_1_23' title="bbox 408 3027 1446 3098; baseline 0.001 -20"><span class='ocrx_word' id='word_1_172' title='bbox 408 3027 490 3092; x_wconf 87' lang='lat' dir='ltr'><strong>boni,</strong></span> <span class='ocrx_word' id='word_1_173' title='bbox 515 3045 593 3098; x_wconf 85' lang='lat' dir='ltr'><strong>quam</strong></span> <span class='ocrx_word' id='word_1_174' title='bbox 614 3038 761 3096; x_wconf 84' lang='lat' dir='ltr'><strong>sequuntur</strong></span> <span class='ocrx_word' id='word_1_175' title='bbox 780 3027 860 3078; x_wconf 85' lang='lat' dir='ltr'><strong>Reitz.</strong></span> <span class='ocrx_word' id='word_1_176' title='bbox 883 3040 909 3080; x_wconf 91' lang='lat' dir='ltr'><strong>et</strong></span> <span class='ocrx_word' id='word_1_177' title='bbox 953 3028 1072 3079; x_wconf 82' lang='lat' dir='ltr'><strong>usitatus.</strong></span> <span class='ocrx_word' id='word_1_178' title='bbox 1083 3029 1170 3078; x_wconf 80' lang='lat' dir='ltr'><strong>Burin.</strong></span> <span class='ocrx_word' id='word_1_179' title='bbox 1181 3029 1446 3098; x_wconf 84' lang='lat' dir='ltr'><strong>putat‚Joremprius</strong></span> 
     </span>
     <span class='ocr_line' id='line_1_24' title="bbox 408 3104 1446 3176; baseline -0.007 -15"><span class='ocrx_word' id='word_1_180' title='bbox 408 3109 542 3171; x_wconf 73' lang='lat' dir='ltr'><strong>Brennus,</strong></span> <span class='ocrx_word' id='word_1_181' title='bbox 561 3106 594 3158; x_wconf 86' lang='lat' dir='ltr'><strong>de</strong></span> <span class='ocrx_word' id='word_1_182' title='bbox 608 3106 707 3174; x_wconf 55' lang='lat' dir='ltr'><strong>&amp;pecie</strong></span> <span class='ocrx_word' id='word_1_183' title='bbox 723 3107 849 3176; x_wconf 57' lang='lat' dir='ltr'><strong>repugiis,</strong></span> <span class='ocrx_word' id='word_1_184' title='bbox 865 3111 909 3160; x_wconf 91' lang='lat' dir='ltr'><strong>cui</strong></span> <span class='ocrx_word' id='word_1_185' title='bbox 952 3104 1040 3175; x_wconf 76' lang='lat' dir='ltr'><strong>digitis</strong></span> <span class='ocrx_word' id='word_1_186' title='bbox 1056 3104 1193 3170; x_wconf 85' lang='lat' dir='ltr'><strong>osculum,</strong></span> <span class='ocrx_word' id='word_1_187' title='bbox 1211 3105 1229 3156; x_wconf 94' lang='lat' dir='ltr'><strong>i.</strong></span> <span class='ocrx_word' id='word_1_188' title='bbox 1245 3123 1269 3156; x_wconf 89' lang='lat' dir='ltr'><strong>e.</strong></span> <span class='ocrx_word' id='word_1_189' title='bbox 1289 3106 1363 3175; x_wconf 85' lang='lat' dir='ltr'><strong>parvi</strong></span> <span class='ocrx_word' id='word_1_190' title='bbox 1376 3105 1446 3176; x_wconf 88' lang='lat' dir='ltr'><strong>pueri</strong></span> 
     </span>
     <span class='ocr_line' id='line_1_25' title="bbox 409 3182 1447 3259; baseline -0.002 -18"><span class='ocrx_word' id='word_1_191' title='bbox 409 3187 567 3259; x_wconf 85' lang='lat' dir='ltr'><strong>insculptam</strong></span> <span class='ocrx_word' id='word_1_192' title='bbox 579 3187 660 3238; x_wconf 82' lang='lat' dir='ltr'><strong>fuisse</strong></span> <span class='ocrx_word' id='word_1_193' title='bbox 670 3200 765 3258; x_wconf 79' lang='lat' dir='ltr'><strong>putant</strong></span> <span class='ocrx_word' id='word_1_194' title='bbox 775 3189 848 3242; x_wconf 76' lang='lat' dir='ltr'><strong>urbis</strong></span> <span class='ocrx_word' id='word_1_195' title='bbox 856 3189 909 3243; x_wconf 86' lang='lat' dir='ltr'><strong>Ro·</strong></span> <span class='ocrx_word' id='word_1_196' title='bbox 953 3203 997 3252; x_wconf 78' lang='lat' dir='ltr'><strong>os,</strong></span> <span class='ocrx_word' id='word_1_197' title='bbox 1008 3183 1100 3237; x_wconf 83' lang='lat' dir='ltr'><strong>leviter</strong></span> <span class='ocrx_word' id='word_1_198' title='bbox 1108 3185 1239 3255; x_wconf 81' lang='lat' dir='ltr'><strong>tetigisse,</strong></span> <span class='ocrx_word' id='word_1_199' title='bbox 1249 3182 1381 3255; x_wconf 80' lang='lat' dir='ltr'><strong>simulque</strong></span> <span class='ocrx_word' id='word_1_200' title='bbox 1391 3203 1447 3237; x_wconf 82' lang='lat' dir='ltr'><strong>eun</strong></span> 
     </span>
     <span class='ocr_line' id='line_1_26' title="bbox 408 3261 1447 3335; baseline -0.004 -17"><span class='ocrx_word' id='word_1_201' title='bbox 408 3287 455 3318; x_wconf 71' lang='lat' dir='ltr'><strong>mne</strong></span> <span class='ocrx_word' id='word_1_202' title='bbox 470 3267 620 3333; x_wconf 75' lang='lat' dir='ltr'><strong>imaginem.</strong></span> <span class='ocrx_word' id='word_1_203' title='bbox 952 3264 1070 3329; x_wconf 84' lang='lat' dir='ltr'><strong>levasse,</strong></span> <span class='ocrx_word' id='word_1_204' title='bbox 1080 3277 1106 3316; x_wconf 87' lang='lat' dir='ltr'><strong>et</strong></span> <span class='ocrx_word' id='word_1_205' title='bbox 1114 3265 1154 3314; x_wconf 88' lang='lat' dir='ltr'><strong>ori</strong></span> <span class='ocrx_word' id='word_1_206' title='bbox 1161 3261 1368 3316; x_wconf 81' lang='lat' dir='ltr'><strong>suoadmorisse</strong></span> <span class='ocrx_word' id='word_1_207' title='bbox 1377 3264 1447 3335; x_wconf 87' lang='lat' dir='ltr'><strong>pueri</strong></span> 
     </span>
     <span class='ocr_line' id='line_1_27' title="bbox 447 3341 1446 3414; baseline -0.005 -16"><span class='ocrx_word' id='word_1_208' title='bbox 447 3347 487 3398; x_wconf 78' lang='lat'><strong>18.</strong></span> <span class='ocrx_word' id='word_1_209' title='bbox 503 3344 659 3414; x_wconf 78' lang='lat' dir='ltr'><strong>Insequenti.</strong></span> <span class='ocrx_word' id='word_1_210' title='bbox 670 3344 787 3396; x_wconf 80' lang='lat' dir='ltr'><strong>iunctim</strong></span> <span class='ocrx_word' id='word_1_211' title='bbox 794 3345 908 3399; x_wconf 88' lang='lat' dir='ltr'><strong>scriben·</strong></span> <span class='ocrx_word' id='word_1_212' title='bbox 953 3341 1446 3414; x_wconf 81' lang='lat' dir='ltr'><strong>os,eumquesequunturOudendorp.</strong></span> 
     </span>
     <span class='ocr_line' id='line_1_28' title="bbox 408 3421 1446 3496; baseline -0.004 -17"><span class='ocrx_word' id='word_1_213' title='bbox 408 3426 472 3478; x_wconf 86' lang='lat' dir='ltr'><strong>dum</strong></span> <span class='ocrx_word' id='word_1_214' title='bbox 483 3425 522 3477; x_wconf 88' lang='lat' dir='ltr'><strong>sic</strong></span> <span class='ocrx_word' id='word_1_215' title='bbox 535 3441 605 3488; x_wconf 88' lang='lat' dir='ltr'><strong>esse,</strong></span> <span class='ocrx_word' id='word_1_216' title='bbox 615 3441 668 3474; x_wconf 90' lang='lat' dir='ltr'><strong>non</strong></span> <span class='ocrx_word' id='word_1_217' title='bbox 681 3423 709 3473; x_wconf 84' lang='lat' dir='ltr'><strong>in</strong></span> <span class='ocrx_word' id='word_1_218' title='bbox 720 3428 848 3496; x_wconf 82' lang='lat' dir='ltr'><strong>sequenti,</strong></span> <span class='ocrx_word' id='word_1_219' title='bbox 861 3425 909 3478; x_wconf 91' lang='lat' dir='ltr'><strong>do·</strong></span> <span class='ocrx_word' id='word_1_220' title='bbox 953 3436 978 3476; x_wconf 85' lang='lat' dir='ltr'><strong>et</strong></span> <span class='ocrx_word' id='word_1_221' title='bbox 986 3421 1108 3481; x_wconf 86' lang='lat' dir='ltr'><strong>Wolfius.</strong></span> <span class='ocrx_word' id='word_1_222' title='bbox 1118 3421 1170 3474; x_wconf 90' lang='lat' dir='ltr'><strong>Sed</strong></span> <span class='ocrx_word' id='word_1_223' title='bbox 1177 3436 1345 3493; x_wconf 86' lang='lat' dir='ltr'><strong>argutantur,</strong></span> <span class='ocrx_word' id='word_1_224' title='bbox 1354 3421 1446 3475; x_wconf 87' lang='lat' dir='ltr'><strong>ntmibi</strong></span> 
     </span>
     <span class='ocr_line' id='line_1_29' title="bbox 407 3501 1446 3577; baseline -0.007 -17"><span class='ocrx_word' id='word_1_225' title='bbox 407 3520 450 3560; x_wconf 88' lang='lat' dir='ltr'><strong>cet</strong></span> <span class='ocrx_word' id='word_1_226' title='bbox 464 3501 616 3576; x_wconf 73' lang='lat' dir='ltr'><strong>precedens</strong></span> <span class='ocrx_word' id='word_1_227' title='bbox 629 3505 717 3575; x_wconf 80' lang='lat' dir='ltr'><strong>prima</strong></span> <span class='ocrx_word' id='word_1_228' title='bbox 732 3505 788 3556; x_wconf 88' lang='lat' dir='ltr'><strong>sine</strong></span> <span class='ocrx_word' id='word_1_229' title='bbox 804 3525 908 3577; x_wconf 82' lang='lat' dir='ltr'><strong>praepo·</strong></span> <span class='ocrx_word' id='word_1_230' title='bbox 952 3503 1068 3568; x_wconf 77' lang='lat' dir='ltr'><strong>videtur,</strong></span> <span class='ocrx_word' id='word_1_231' title='bbox 1079 3503 1107 3553; x_wconf 93' lang='lat' dir='ltr'><strong>in</strong></span> <span class='ocrx_word' id='word_1_232' title='bbox 1118 3503 1251 3572; x_wconf 82' lang='lat' dir='ltr'><strong>primitiva</strong></span> <span class='ocrx_word' id='word_1_233' title='bbox 1262 3503 1446 3573; x_wconf 80' lang='lat' dir='ltr'><strong>significatione</strong></span> 
     </span>
     <span class='ocr_line' id='line_1_30' title="bbox 408 3580 1446 3654; baseline -0.005 -15"><span class='ocrx_word' id='word_1_234' title='bbox 408 3586 519 3650; x_wconf 85' lang='lat' dir='ltr'><strong>sitione,</strong></span> <span class='ocrx_word' id='word_1_235' title='bbox 530 3595 556 3633; x_wconf 87' lang='lat' dir='ltr'><strong>et</strong></span> <span class='ocrx_word' id='word_1_236' title='bbox 568 3583 685 3634; x_wconf 82' lang='lat' dir='ltr'><strong>auctoris</strong></span> <span class='ocrx_word' id='word_1_237' title='bbox 698 3600 770 3634; x_wconf 87' lang='lat' dir='ltr'><strong>usus.</strong></span> <span class='ocrx_word' id='word_1_238' title='bbox 953 3582 1163 3646; x_wconf 77' lang='lat' dir='ltr'><strong>vocisoscutum,</strong></span> <span class='ocrx_word' id='word_1_239' title='bbox 1175 3580 1248 3652; x_wconf 90' lang='lat' dir='ltr'><strong>quod</strong></span> <span class='ocrx_word' id='word_1_240' title='bbox 1258 3582 1446 3654; x_wconf 82' lang='lat' dir='ltr'><strong>proprieuobis</strong></span> 
     </span>
     <span class='ocr_line' id='line_1_31' title="bbox 445 3658 1448 3733; baseline 0 -21"><span class='ocrx_word' id='word_1_241' title='bbox 445 3679 486 3730; x_wconf 88' lang='lat'><strong>19.</strong></span> <span class='ocrx_word' id='word_1_242' title='bbox 512 3659 590 3730; x_wconf 82' lang='lat' dir='ltr'><strong>Quasi</strong></span> <span class='ocrx_word' id='word_1_243' title='bbox 605 3658 728 3730; x_wconf 75' lang='lat' dir='ltr'><strong>Jupiter,</strong></span> <span class='ocrx_word' id='word_1_244' title='bbox 749 3671 798 3710; x_wconf 86' lang='lat' dir='ltr'><strong>etc.</strong></span> <span class='ocrx_word' id='word_1_245' title='bbox 820 3660 909 3712; x_wconf 87' lang='lat' dir='ltr'><strong>Simile</strong></span> <span class='ocrx_word' id='word_1_246' title='bbox 954 3675 993 3714; x_wconf 89' lang='lat' dir='ltr'><strong>est</strong></span> <span class='ocrx_word' id='word_1_247' title='bbox 1006 3660 1030 3713; x_wconf 89' lang='lat' dir='ltr'><strong>le</strong></span> <span class='ocrx_word' id='word_1_248' title='bbox 1039 3663 1129 3724; x_wconf 83' lang='lat' dir='ltr'><strong>baiser,</strong></span> <span class='ocrx_word' id='word_1_249' title='bbox 1140 3679 1226 3731; x_wconf 86' lang='lat' dir='ltr'><strong>neque</strong></span> <span class='ocrx_word' id='word_1_250' title='bbox 1236 3659 1350 3713; x_wconf 82' lang='lat' dir='ltr'><strong>delibare</strong></span> <span class='ocrx_word' id='word_1_251' title='bbox 1360 3681 1407 3733; x_wconf 87' lang='lat' dir='ltr'><strong>pro</strong></span> <span class='ocrx_word' id='word_1_252' title='bbox 1417 3661 1448 3714; x_wconf 82' lang='lat' dir='ltr'><strong>le·</strong></span> 
     </span>
     <span class='ocr_line' id='line_1_32' title="bbox 407 3737 1447 3815; baseline 0.002 -23"><span class='ocrx_word' id='word_1_253' title='bbox 407 3741 539 3792; x_wconf 87' lang='lat' dir='ltr'><strong>somnium</strong></span> <span class='ocrx_word' id='word_1_254' title='bbox 546 3737 768 3792; x_wconf 87' lang='lat' dir='ltr'><strong>Ciceronitribuit</strong></span> <span class='ocrx_word' id='word_1_255' title='bbox 775 3737 906 3792; x_wconf 87' lang='lat' dir='ltr'><strong>Plutarch.</strong></span> <span class='ocrx_word' id='word_1_256' title='bbox 954 3741 1018 3792; x_wconf 85' lang='lat' dir='ltr'><strong>viter</strong></span> <span class='ocrx_word' id='word_1_257' title='bbox 1033 3753 1136 3815; x_wconf 62' lang='lat' dir='ltr'><strong>tangere</strong></span> <span class='ocrx_word' id='word_1_258' title='bbox 1147 3739 1247 3792; x_wconf 86' lang='lat' dir='ltr'><strong>dictum</strong></span> <span class='ocrx_word' id='word_1_259' title='bbox 1259 3739 1339 3792; x_wconf 80' lang='lat' dir='ltr'><strong>facile</strong></span> <span class='ocrx_word' id='word_1_260' title='bbox 1354 3741 1447 3813; x_wconf 80' lang='lat' dir='ltr'><strong>proba-</strong></span> 
     </span>
     <span class='ocr_line' id='line_1_33' title="bbox 407 3817 1447 3891; baseline 0.004 -21"><span class='ocrx_word' id='word_1_261' title='bbox 407 3821 461 3870; x_wconf 89' lang='lat' dir='ltr'><strong>Cic.</strong></span> <span class='ocrx_word' id='word_1_262' title='bbox 480 3817 528 3884; x_wconf 72' lang='grc'><strong>44,</strong></span> <span class='ocrx_word' id='word_1_263' title='bbox 544 3817 675 3869; x_wconf 88' lang='lat' dir='ltr'><strong>diversum</strong></span> <span class='ocrx_word' id='word_1_264' title='bbox 687 3837 797 3888; x_wconf 84' lang='lat' dir='ltr'><strong>prorsus</strong></span> <span class='ocrx_word' id='word_1_265' title='bbox 809 3817 843 3869; x_wconf 86' lang='lat' dir='ltr'><strong>ab</strong></span> <span class='ocrx_word' id='word_1_266' title='bbox 858 3838 908 3886; x_wconf 90' lang='lat' dir='ltr'><strong>eo,</strong></span> <span class='ocrx_word' id='word_1_267' title='bbox 953 3821 1047 3884; x_wconf 84' lang='lat' dir='ltr'><strong>verim,</strong></span> <span class='ocrx_word' id='word_1_268' title='bbox 1060 3817 1447 3891; x_wconf 75' lang='lat' dir='ltr'><strong>quumdesuaviomaximebt·</strong></span> 
     </span>
     <span class='ocr_line' id='line_1_34' title="bbox 408 3895 1273 3968; baseline 0.001 -22"><span class='ocrx_word' id='word_1_269' title='bbox 408 3896 480 3968; x_wconf 91' lang='lat' dir='ltr'><strong>quod</strong></span> <span class='ocrx_word' id='word_1_270' title='bbox 494 3895 527 3946; x_wconf 87' lang='lat' dir='ltr'><strong>de</strong></span> <span class='ocrx_word' id='word_1_271' title='bbox 542 3896 636 3948; x_wconf 89' lang='lat' dir='ltr'><strong>eodem</strong></span> <span class='ocrx_word' id='word_1_272' title='bbox 650 3899 778 3950; x_wconf 87' lang='lat' dir='ltr'><strong>Cicerone</strong></span> <span class='ocrx_word' id='word_1_273' title='bbox 789 3898 908 3968; x_wconf 83' lang='lat' dir='ltr'><strong>proxime</strong></span> <span class='ocrx_word' id='word_1_274' title='bbox 952 3901 1001 3950; x_wconf 87' lang='lat' dir='ltr'><strong>tini</strong></span> <span class='ocrx_word' id='word_1_275' title='bbox 1014 3897 1064 3950; x_wconf 84' lang='lat' dir='ltr'><strong>hac</strong></span> <span class='ocrx_word' id='word_1_276' title='bbox 1077 3916 1141 3950; x_wconf 84' lang='lat' dir='ltr'><strong>voce</strong></span> <span class='ocrx_word' id='word_1_277' title='bbox 1156 3910 1273 3949; x_wconf 82' lang='lat' dir='ltr'><strong>utentur.</strong></span> 
     </span>
     <span class='ocr_line' id='line_1_35' title="bbox 408 3973 1447 4044; baseline 0.007 -20"><span class='ocrx_word' id='word_1_278' title='bbox 408 3989 498 4026; x_wconf 77' lang='lat' dir='ltr'><strong>namet</strong></span> <span class='ocrx_word' id='word_1_279' title='bbox 511 3973 619 4028; x_wconf 83' lang='lat' dir='ltr'><strong>Sueten.</strong></span> <span class='ocrx_word' id='word_1_280' title='bbox 989 3995 1030 4029; x_wconf 81' lang='lat' dir='ltr'><strong>ar.</strong></span> <span class='ocrx_word' id='word_1_281' title='bbox 1050 3979 1090 4028; x_wconf 84' lang='lat' dir='ltr'><strong>M.</strong></span> <span class='ocrx_word' id='word_1_282' title='bbox 1107 3978 1207 4042; x_wconf 83' lang='lat' dir='ltr'><strong>Cicero,</strong></span> <span class='ocrx_word' id='word_1_283' title='bbox 1220 3989 1270 4028; x_wconf 89' lang='lat' dir='ltr'><strong>etc.</strong></span> <span class='ocrx_word' id='word_1_284' title='bbox 1288 3977 1365 4029; x_wconf 79' lang='lat' dir='ltr'><strong>Couf.</strong></span> <span class='ocrx_word' id='word_1_285' title='bbox 1382 3980 1447 4044; x_wconf 88' lang='lat' dir='ltr'><strong>Dio,</strong></span> 
     </span>
     <span class='ocr_line' id='line_1_36' title="bbox 444 4055 1447 4133; baseline 0.004 -28"><span class='ocrx_word' id='word_1_286' title='bbox 444 4072 486 4106; x_wconf 85' lang='lat'><strong>20.</strong></span> <span class='ocrx_word' id='word_1_287' title='bbox 505 4055 617 4127; x_wconf 79' lang='lat' dir='ltr'><strong>Ejusque</strong></span> <span class='ocrx_word' id='word_1_288' title='bbox 633 4056 749 4110; x_wconf 84' lang='lat' dir='ltr'><strong>osculum</strong></span> <span class='ocrx_word' id='word_1_289' title='bbox 759 4095 765 4107; x_wconf 94' lang='lat'><strong>.</strong></span> <span class='ocrx_word' id='word_1_290' title='bbox 776 4097 781 4107; x_wconf 98' lang='lat'><strong>.</strong></span> <span class='ocrx_word' id='word_1_291' title='bbox 792 4092 815 4107; x_wconf 89' lang='lat'><strong>..</strong></span> <span class='ocrx_word' id='word_1_292' title='bbox 831 4055 867 4109; x_wconf 83' lang='lat' dir='ltr'><strong>ed</strong></span> <span class='ocrx_word' id='word_1_293' title='bbox 882 4075 908 4108; x_wconf 83' lang='lat' dir='ltr'><strong>os</strong></span> <span class='ocrx_word' id='word_1_294' title='bbox 952 4057 970 4108; x_wconf 93' lang='lat' dir='ltr'><strong>l.</strong></span> <span class='ocrx_word' id='word_1_295' title='bbox 985 4075 1027 4123; x_wconf 85' lang='lat' dir='ltr'><strong>c.‚</strong></span> <span class='ocrx_word' id='word_1_296' title='bbox 1041 4055 1087 4106; x_wconf 92' lang='lat' dir='ltr'><strong>ubi</strong></span> <span class='ocrx_word' id='word_1_297' title='bbox 1103 4069 1179 4107; x_wconf 85' lang='lat' dir='ltr'><strong>notat</strong></span> <span class='ocrx_word' id='word_1_298' title='bbox 1194 4055 1346 4122; x_wconf 82' lang='lat' dir='ltr'><strong>Fabricius,</strong></span> <span class='ocrx_word' id='word_1_299' title='bbox 1351 4055 1447 4133; x_wconf 67' lang='lat' dir='ltr'><strong>flagel-</strong></span> 
     </span>
     <span class='ocr_line' id='line_1_37' title="bbox 407 4133 1447 4208; baseline 0.009 -29"><span class='ocrx_word' id='word_1_300' title='bbox 407 4147 482 4180; x_wconf 81' lang='lat' dir='ltr'><strong>suum</strong></span> <span class='ocrx_word' id='word_1_301' title='bbox 498 4133 627 4187; x_wconf 79' lang='lat' dir='ltr'><strong>retulisset.</strong></span> <span class='ocrx_word' id='word_1_302' title='bbox 647 4134 767 4205; x_wconf 86' lang='lat' dir='ltr'><strong>lntelligo</strong></span> <span class='ocrx_word' id='word_1_303' title='bbox 782 4153 842 4186; x_wconf 87' lang='lat' dir='ltr'><strong>curu</strong></span> <span class='ocrx_word' id='word_1_304' title='bbox 858 4137 907 4186; x_wconf 85' lang='lat' dir='ltr'><strong>Er·</strong></span> <span class='ocrx_word' id='word_1_305' title='bbox 954 4136 1008 4188; x_wconf 81' lang='lat' dir='ltr'><strong>lum</strong></span> <span class='ocrx_word' id='word_1_306' title='bbox 1032 4134 1181 4206; x_wconf 73' lang='lat' dir='ltr'><strong>symbolum</strong></span> <span class='ocrx_word' id='word_1_307' title='bbox 1206 4136 1288 4187; x_wconf 86' lang='lat' dir='ltr'><strong>luisse</strong></span> <span class='ocrx_word' id='word_1_308' title='bbox 1312 4136 1447 4208; x_wconf 66' lang='lat' dir='ltr'><strong>eripienda</strong></span> 
     </span>
     <span class='ocr_line' id='line_1_38' title="bbox 406 4209 1446 4287; baseline 0.013 -30"><span class='ocrx_word' id='word_1_309' title='bbox 406 4222 470 4258; x_wconf 84' lang='lat' dir='ltr'><strong>nest.</strong></span> <span class='ocrx_word' id='word_1_310' title='bbox 485 4209 517 4259; x_wconf 87' lang='lat' dir='ltr'><strong>de</strong></span> <span class='ocrx_word' id='word_1_311' title='bbox 532 4210 637 4280; x_wconf 82' lang='lat' dir='ltr'><strong>digitis,</strong></span> <span class='ocrx_word' id='word_1_312' title='bbox 651 4219 726 4286; x_wconf 87' lang='lat' dir='ltr'><strong>pueri</strong></span> <span class='ocrx_word' id='word_1_313' title='bbox 741 4216 843 4268; x_wconf 80' lang='lat' dir='ltr'><strong>labellis</strong></span> <span class='ocrx_word' id='word_1_314' title='bbox 858 4217 904 4267; x_wconf 87' lang='lat' dir='ltr'><strong>im·</strong></span> <span class='ocrx_word' id='word_1_315' title='bbox 950 4217 1073 4266; x_wconf 82' lang='lat' dir='ltr'><strong>Romanis</strong></span> <span class='ocrx_word' id='word_1_316' title='bbox 1094 4213 1239 4279; x_wconf 86' lang='lat' dir='ltr'><strong>libertatis,</strong></span> <span class='ocrx_word' id='word_1_317' title='bbox 1262 4233 1344 4285; x_wconf 87' lang='lat' dir='ltr'><strong>qutun</strong></span> <span class='ocrx_word' id='word_1_318' title='bbox 1365 4217 1446 4287; x_wconf 77' lang='lat' dir='ltr'><strong>flagris</strong></span> 
     </span>
     <span class='ocr_line' id='line_1_39' title="bbox 406 4289 1329 4362; baseline 0.011 -26"><span class='ocrx_word' id='word_1_319' title='bbox 406 4289 513 4354; x_wconf 87' lang='lat' dir='ltr'><strong>positis,</strong></span> <span class='ocrx_word' id='word_1_320' title='bbox 535 4289 631 4344; x_wconf 85' lang='lat' dir='ltr'><strong>deinde</strong></span> <span class='ocrx_word' id='word_1_321' title='bbox 651 4295 683 4346; x_wconf 81' lang='lat' dir='ltr'><strong>ad</strong></span> <span class='ocrx_word' id='word_1_322' title='bbox 704 4316 749 4346; x_wconf 46' lang='lat' dir='ltr'><strong>tua</strong></span> <span class='ocrx_word' id='word_1_323' title='bbox 770 4296 904 4362; x_wconf 85' lang='lat' dir='ltr'><strong>admotis,</strong></span> <span class='ocrx_word' id='word_1_324' title='bbox 949 4315 1037 4348; x_wconf 77' lang='lat' dir='ltr'><strong>servos</strong></span> <span class='ocrx_word' id='word_1_325' title='bbox 1052 4307 1153 4350; x_wconf 84' lang='lat' dir='ltr'><strong>tantum</strong></span> <span class='ocrx_word' id='word_1_326' title='bbox 1169 4308 1329 4346; x_wconf 82' lang='lat' dir='ltr'><strong>coercerent.</strong></span> 
     </span>
    </p>
   </div>
   <div class='ocr_carea' id='block_1_7' title="bbox 0 0 1564 5136">
    <p class='ocr_par' dir='ltr' id='par_1_7' title="bbox 0 0 1564 5136">
     <span class='ocr_line' id='line_1_40' title="bbox 0 0 1564 5136; baseline 0 0"><span class='ocrx_word' id='word_1_327' title='bbox 0 0 1564 5136; x_wconf 95' lang='lat' dir='ltr'><strong> </strong></span> 
     </span>
    </p>
   </div>
  </div>
 </body>
</html>
