3036 5128
378 543 421 627 94
752 541 788 602 C.
815 539 1047 606 SUETONH

378 663 508 732 libellos
520 667 625 732 vetuit
639 669 808 755 Angustus
820 663 1003 756 publicari,
1017 668 1052 731 in
1067 665 1223 756 epistula,
1237 689 1337 760 quam
1346 665 1406 734 bro

376 797 451 844 vem
471 771 654 842 admodum
675 796 715 840 ac
733 771 918 865 simplicem
936 770 979 840 ud
999 775 1193 865 Pompeium
1203 773 1230 819 ¹⁶
1247 779 1405 853 Manum,

374 887 428 952 cni
442 882 646 954 ordinandas
660 883 880 952 bibliothecas
894 881 1120 976 delegaverat,
1132 886 1231 952 misit.

420 1001 522 1066 LVII.
553 1000 754 1064 Armorum·
781 1013 816 1064 et
837 995 1009 1092 equitandi
1031 999 1271 1090 peritissimus,
1295 997 1405 1066 laboris

374 1105 462 1174 ultra
479 1103 580 1172 fidem
594 1107 724 1197 patiens
741 1121 835 1174 erat:
856 1108 891 1174 in
908 1109 1041 1197 agmine
1053 1129 1299 1200 nonnunquam
1312 1129 1404 1202 equo,

373 1217 495 1306 saepius
513 1213 656 1308 pedibus
676 1214 846 1296 anteibat,
867 1218 975 1310 cupite
998 1212 1169 1296 ²deteeto,
1191 1239 1251 1286 seu
1266 1215 1337 1299 sol,
1356 1239 1406 1282 sen

373 1325 480 1396 imber
495 1342 593 1394 esset.
610 1329 835 1417 Longissimas
852 1329 922 1394 vias
938 1323 1143 1394 incredibili³
1158 1325 1326 1396 celeritate
1339 1351 1405 1395 con-

374 1436 467 1518 fecit,
478 1437 692 1532 ⁴expeditus,
705 1441 874 1506 meritoria
884 1437 1006 1522 rheda,
1022 1454 1162 1508 centena
1174 1461 1336 1532 passuum
1345 1437 1406 1506 mil·

373 1545 417 1614 lia
430 1549 465 1613 in
480 1547 629 1638 singtdos
643 1545 733 1616 dies:
753 1551 782 1616 si
798 1547 939 1616 flumina
956 1565 1181 1632 mot-arentin,
1195 1546 1311 1618 nando
1326 1545 1406 1641 traji-

373 1659 482 1738 ciens,
499 1657 551 1724 vel
572 1660 706 1726 innixus
724 1656 869 1728 inflatis⁵
887 1658 1033 1740 utribus,
1050 1675 1089 1726 nt
1105 1681 1256 1752 persaepc
1274 1661 1405 1748 nundus

372 1763 415 1832 de
432 1790 467 1833 sc
483 1769 697 1859 praevenerit.

410 1951 449 2004 16.
460 1951 618 2022 Pompeium
626 1954 755 2006 Moenum.
764 1954 872 2006 idemne
915 1957 995 2007 Attio.
1006 1955 1079 2021 vul,
1090 1972 1108 2024 9
1119 1975 1125 2005 ι
1141 1976 1153 2000 ι
1162 1953 1209 2006 sed
1218 1953 1271 2006 hoc
1280 1951 1407 2024 eipuhor

371 2031 418 2096 sit,
434 2047 513 2099 quem
528 2032 667 2084 Praetorem
683 2048 873 2086 commemoret
915 2033 986 2086 ribiii
996 2032 1407 2106 vigilantia‚celeritete‚diligen·

370 2108 454 2161 Tacit.
462 2108 558 2161 dunel.
566 2111 690 2180 1‚72,nn
698 2114 783 2164 nostri
789 2111 871 2178 iilius,
916 2117 952 2168 tin
964 2129 1012 2167 est.
1023 2137 1035 2162 ι
1054 2113 1134 2168 Plenu
1146 2127 1209 2169 sunt
1219 2117 1322 2188 scripte
1335 2117 1407 2168 Gesa-

370 2184 473 2238 dubitet
484 2185 628 2260 Glandorp.
642 2192 780 2244 Onomast.
793 2193 869 2242 Rom.
915 2197 951 2247 iis
963 2196 1046 2268 ipsius
1059 2207 1084 2246 et
1098 2192 1262 2266 reliquorum
1275 2193 1407 2247 historico·

369 2264 871 2337 preposui-Adulteramtamensenteu·
916 2293 973 2326 rum
990 2275 1145 2326 testimoniis
1157 2273 1191 2326 de
1205 2273 1256 2325 hoc
1273 2274 1406 2328 celeritate.

369 2345 430 2396 tiam
445 2345 604 2415 propendet.
618 2346 691 2398 Idem
702 2347 737 2400 ad
749 2361 870 2402 nocuum
915 2351 1026 2424 Collegit
1040 2371 1071 2406 eu
1083 2349 1225 2423 diligenter
1236 2355 1334 2420 Buris,
1345 2353 1407 2406 utet.

369 2425 495 2495 scriptam
505 2427 635 2479 existimat
645 2425 734 2480 Ovidii
744 2426 810 2498 elep-
825 2428 869 2494 18,
915 2431 972 2485 tut.
990 2443 1017 2484 et
1031 2433 1087 2485 crit.
1102 2431 1159 2486 sub.
1176 2451 1235 2485 voc.
1252 2435 1335 2487 coar.
1351 2435 1407 2486 Bot-

367 2505 470 2556 Amorr.
485 2502 531 2556 lib.
546 2507 578 2557 ΙΙ.
592 2505 660 2559 Vide
674 2505 821 2559 Broukhus.
836 2506 869 2558 ad
913 2525 990 2577 cunr,
1003 2512 1112 2565 Omisott
1118 2511 1233 2584 fiinibre
1244 2513 1280 2564 du
1288 2511 1409 2585 pir-incede

366 2582 464 2636 tibull.
476 2586 516 2652 11,
528 2583 554 2637 62
915 2589 1005 2642 Condi
1014 2609 1022 2639 .-
1040 2587 1079 2642 eil
1093 2591 1181 2662 parsit
1193 2607 1226 2642 en
1243 2609 1281 2642 nn
1299 2600 1409 2642 moment

401 2664 477 2715 nvn.
505 2663 688 2716 1.Armomm
706 2676 731 2718 et
748 2664 869 2736 equitan-
917 2687 1041 2721 rcomme
1057 2687 1093 2720 nn
1112 2666 1193 2721 eolair
1210 2667 1277 2722 dens
1298 2669 1338 2722 ies'
1351 2676 1408 2741 pays

365 2743 407 2808 dt,
415 2756 465 2795 etc.
475 2742 554 2796 Conf.
563 2743 632 2796 Piut.
644 2743 708 2797 (ms.
720 2761 779 2815 cap.
791 2761 821 2815 ¹7
831 2756 870 2796 to·
915 2770 927 2794 ι
937 2746 974 2800 les
988 2745 1049 2820 pins
1061 2747 1193 2817 eloignds,
1208 2759 1257 2799 etc.
1269 2770 1282 2796 ι
1351 2755 1357 2762 ·

367 2833 431 2872 tum.
450 2851 486 2862 -
504 2823 608 2876 tutore
621 2820 802 2895 uitmfidm,
817 2835 867 2875 etc.
949 2825 974 2892 4.
990 2825 1149 2897 Expeditne,-
1161 2825 1217 2877 sine
1229 2827 1354 2891 sarcinis,
1365 2827 1408 2876 im·

366 2899 510 2966 Fttnum,
527 2902 635 2956 oraison
644 2902 758 2974 fundite
769 2901 801 2953 de
816 2903 867 2954 Tu·
912 2901 1090 2974 pedimentis,
1118 2915 1183 2955 nota
1209 2903 1406 2976 significatione

366 2995 444 3029 nnnc
455 2975 509 3046 (1'‘
520 2980 631 3052 partie),
645 2981 680 3033 de
694 2979 865 3034 celeberrimo
910 2980 977 3034 Vide
984 2982 1318 3050 Rumpunt-Meritoria
1326 2983 1409 3042 rieden·
1512 2975 1514 3014 ³

363 3073 398 3106 eo
414 3055 506 3108 duce:
528 3079 612 3111 .....
622 3059 743 3131 ilapprit
761 3059 817 3111 i’art
831 3059 865 3112 de
909 3059 1407 3134 Gafltee,vottm,cimiotdetoua9e.
1512 3083 1513 3116 i

366 3131 413 3185 «ia
434 3153 527 3204 guerre
548 3155 582 3189 en
602 3136 701 3209 qualite
717 3138 751 3190 de
772 3137 865 3211 simple
910 3137 1202 3209 (iouf.Plut.Gaet.17.
1512 3187 1513 3196 ,

367 3211 491 3280 asoldat,
511 3227 537 3266 et
552 3217 579 3266 ni
595 3216 714 3287 l'orpnell
730 3220 756 3268 ni
776 3218 801 3270 ie
818 3237 865 3290 pa·
946 3219 969 3270 5.
999 3217 1049 3272 Vct
1067 3217 1292 3308 innixus't'ufhtis
1310 3219 1407 3272 utribus.

366 3311 377 3334 α
389 3304 458 3342 reste
466 3311 501 3346 ne
510 3291 689 3366 l'e'loiguereut
698 3295 811 3349 d'encun
818 3296 865 3351 det
908 3295 964 3348 liv.
973 3295 1048 3364 xxi,
1061 3311 1094 3364 η
1108 3317 1115 3346 2
1131 3297 1276 3369 uflispeni,
1290 3295 1409 3350 sinenti·
1512 3295 1514 3330 ³

366 3368 865 3444 aemploisodiepeiueeti'obeissnuce
909 3373 1409 3448 mole,inntresvettimeutisconjectis,

366 3462 449 3501 teont
465 3450 607 3506 attachees.
626 3455 668 3507 On
681 3453 772 3521 tevit,
784 3474 817 3507 cn
834 3472 864 3508 ce
908 3454 959 3524 ip'si
978 3454 1056 3506 cetrit
1075 3456 1220 3527 suppositis
1238 3454 1408 3518 incubantes,

365 3551 377 3574 a
387 3525 492 3580 dernier
502 3549 568 3602 reug
579 3530 614 3582 de
624 3529 650 3583 le
661 3531 763 3600 milice,
777 3551 811 3584 ne
824 3553 864 3586 re-
909 3529 1175 3585 flumentrananere.·
1185 3531 1408 3599 Gurt.vn,5,18:

362 3607 457 3658 afuser
468 3625 572 3661 aucune
583 3611 684 3682 intigne
697 3625 767 3664 etue
779 3614 864 3664 crain-
912 3619 1003 3658 “utres
1020 3627 1100 3679 qnam
1115 3609 1246 3680 plurimos
1262 3611 1410 3663 stramentis

363 3683 433 3739 «dre
449 3707 538 3742 aucun
551 3688 634 3762 petih
650 3691 715 3742 faire
731 3709 781 3762 par
795 3690 863 3744 hon·
908 3688 1022 3741 refertos
1048 3687 1160 3752 dividit,
1185 3688 1228 3742 his
1255 3691 1409 3743 incubantes

363 3786 375 3810 α
386 3781 452 3817 neur
468 3785 499 3818 cc
513 3785 565 3839 que
581 3766 620 3820 les
636 3781 724 3820 autres
741 3769 863 3822 fnisaient
908 3781 1078 3822 transnavere
1091 3787 1209 3836 emnem,
1223 3773 1322 3844 quique
1334 3771 1410 3844 primi

365 3862 435 3915 uper
448 3848 589 3915 necessite,
602 3861 676 3900 etc.»
908 3849 1088 3914 transierant,
1116 3850 1142 3902 iu
1171 3851 1287 3902 statione
1313 3862 1409 3914 erant,

398 3939 422 3973 2.
444 3925 533 3997 Cupite
547 3927 657 3991 detecto,
670 3940 720 3980 etc.
741 3927 815 3980 Idem
829 3928 863 3981 de
907 3923 971 3976 dum
983 3929 1133 3998 trajicerent
1145 3929 1235 3980 ceteri.
1247 3951 1258 3976 ι
1271 3928 1338 3980 Cres:
1348 3926 1408 3979 Beli.

361 4001 507 4058 Hannibale
518 4004 562 4058 sil.
575 4005 631 4058 lul.
644 4009 669 4074 1,
682 4005 751 4073 250,
906 4005 961 4057 civ.
985 4006 1015 4073 l,
1038 4006 1072 4073 48
1093 4029 1100 4057 2
1125 4008 1221 4080 «quod
1241 4006 1409 4061 consuetudo

625 4099 849 4144 ...mmmm
907 4101 999 4136 eorum
1019 4087 1137 4139 omnium
1153 4091 1214 4154 est,
1227 4101 1257 4140 nt
1273 4089 1330 4140 sine
1347 4089 1408 4140 ntn'·

362 4150 724 4218 E⁸⁶it>⁶¹0³¹¹⁸⁸³⁰⁸imbm2oelit1ue
730 4161 818 4204 ruinun.
907 4162 957 4214 but
968 4161 1001 4213 ad
1012 4167 1152 4219 exercitum
1166 4185 1220 4221 nou
1233 4179 1322 4220 eant..
1341 4165 1408 4221 Vide

397 4231 422 4282 3.
441 4229 591 4286 Incredibili
602 4236 738 4290 celeritate.
759 4242 812 4292 Cic.
829 4239 862 4292 ed
908 4241 1020 4298 Castub.
