3036 5128
353 545 416 588 soo
723 520 758 584 C.
783 517 1014 586 SUETONH

346 653 517 714 mentum²
537 641 705 712 mordicus
727 643 882 726 trahens,
905 669 948 713 ne
968 643 1074 738 spolio
1092 648 1253 738 potiretur
1270 644 1371 716 hostis.

394 762 491 824 LXV.
511 755 666 823 Militem·
681 779 790 850 neque
802 781 823 822 a
836 756 1003 840 moribus,
1019 779 1127 850 neque
1138 781 1159 823 a
1170 756 1300 824 fortuna
1311 783 1375 851 pro

345 866 463 948 habat,
480 865 539 934 sed
554 883 684 933 tantum
699 891 719 932 a
733 865 874 951 viribus,
889 865 1118 961 tractabatque
1129 870 1202 960 pari
1216 870 1375 935 severitate

343 1087 388 1156 do.
403 1089 480 1140 Oros.
498 1085 548 1151 Vi,
566 1087 611 1139 13:
629 1107 698 1158 sper
716 1085 845 1140 ducentos
890 1087 978 1142 Tiber.
1002 1091 1048 1159 37,
1072 1097 1201 1148 oreretur‚·
1223 1087 1314 1141 (deod
1338 1088 1377 1152 1³,

342 1167 479 1240 passusad
486 1167 846 1235 noremunamanuelevato,
889 1167 1052 1230 adoreretur,·
1071 1185 1135 1240 quas
1153 1165 1253 1218 fortnas
1270 1166 1378 1238 probarit

343 1267 397 1318 qua
407 1246 513 1298 chartas
523 1245 642 1310 tenebat,
655 1246 772 1299 naondo
784 1265 846 1316 pet*
889 1247 1042 1312 Ruhnken,
1054 1261 1164 1299 auctore
1174 1245 1273 1298 Wolfio
1286 1245 1351 1298 adh.
1363 1245 1377 1296 Ι.

342 1328 422 1381 venit.
435 1351 445 1374 ι
460 1324 511 1378 sed
525 1345 579 1379 rem
592 1328 619 1377 in
630 1324 740 1378 dubium
752 1337 846 1378 auctor
890 1325 942 1380 Sed
953 1345 1034 1398 quum
1043 1325 1112 1380 idem
1122 1324 1211 1377 Codex
1221 1324 1284 1378 alibi
1294 1324 1379 1396 deipn-

342 1419 437 1470 vooat,
455 1406 500 1476 qui
517 1423 571 1456 non
590 1404 669 1456 facile
687 1401 721 1455 ad
737 1404 846 1456 creden·
890 1403 997 1472 tiretur,
1019 1419 1090 1457 recte
1110 1402 1213 1456 videtur
1234 1407 1333 1458 Ernest.
1351 1403 1379 1455 ad

342 1485 406 1538 dom
424 1483 609 1548 inducebatur,
623 1488 772 1550 votnm,
789 1485 845 1536 Ml·
889 1484 976 1536 Tiher.
990 1485 1033 1554 37,
1049 1483 1097 1536 has
1111 1485 1209 1538 format
1225 1482 1260 1535 ad
1272 1483 1380 1536 librarios

342 1563 431 1636 loripes
454 1564 604 1636 historiques
626 1561 782 1638 (Fragment
804 1581 847 1616 sur
890 1565 973 1632 magis
998 1581 1137 1630 revocare,
1158 1581 1239 1634 quom
1261 1562 1294 1615 ad
1315 1580 1380 1614 usura

342 1641 360 1693 Γ
362 1643 477 1708 histoire,
491 1657 540 1694 ort.
553 1641 612 1711 xt)=
631 1664 642 1687 ι
654 1680 660 1692 .
670 1680 677 1692 .
687 1680 693 1693 .
702 1639 845 1713 Plutorque
891 1644 1040 1714 scriptoris,
1056 1645 1131 1712 cujus
1143 1642 1216 1694 nulio
1228 1643 1256 1693 in
1269 1642 1338 1694 libris
1348 1655 1381 1693 est

345 1741 457 1775 rassure
476 1741 528 1796 que
546 1721 626 1772 Ce'sar
644 1733 704 1772 tout
724 1722 795 1772 artui
817 1740 846 1770 se
890 1721 1129 1774 constantio.1dern
1138 1721 1208 1774 volet
1217 1720 1252 1773 de
1261 1720 1382 1773 tormade-
1472 1731 1475 1738 ’

345 1825 356 1848 ι
363 1805 420 1872 jeta
438 1801 504 1854 dane
523 1798 547 1851 la
567 1818 624 1852 mer
644 1799 845 1864 d'Alexandrie,
890 1801 1002 1867 sitiisset,
1018 1801 1109 1872 paralio
1124 1803 1248 1872 superius
1261 1805 1288 1853 in
1301 1799 1382 1874 pierii-

345 1893 461 1932 ·renaot
479 1878 557 1929 d'une
576 1880 646 1929 main
667 1898 700 1930 en
721 1878 777 1931 i'air
799 1879 846 1931 des
891 1899 943 1952 que
954 1881 1027 1933 libris
1038 1880 1215 1952 reperiunda,
1225 1896 1256 1934 et
1267 1895 1384 1934 montes

344 1983 355 2004 a
366 1959 473 2029 papien
482 1955 542 2026 qu'ii
551 1955 846 2027 nevouiaitpasmouii·
890 1961 1007 2012 Gronov.
1019 1962 1048 2012 in
1059 1959 1211 2024 desiluisset,
1225 1980 1259 2012 ex
1273 1960 1351 2013 nostri
1363 1971 1384 2009 et

347 2037 420 2100 uter,
436 2048 463 2087 et
478 2045 592 2102 nageant
608 2032 642 2085 de
658 2033 751 2084 l'autre
765 2035 845 2084 main.
892 2041 983 2110 oprimi
995 2043 1126 2110 cujusque
1137 2041 1275 2112 scriptoris
1287 2059 1341 2092 osu.

346 2139 358 2162 ι
368 2119 409 2168 Ne
419 2133 510 2186 croyez
520 2131 567 2184 pas
578 2132 613 2165 un
624 2111 846 2165 mordeoecoote
927 2120 1002 2170 LXV.
1020 2137 1041 2170 ι.
1057 2119 1173 2170 Militem
1189 2138 1272 2190 neque
1285 2141 1301 2170 ιι
1315 2119 1385 2170 mori-

346 2183 420 2267 ·q'ue
434 2212 499 2247 vous
515 2195 563 2243 fait
578 2193 737 2264 Plutarqoe:
757 2209 848 2265 oroyee
892 2198 948 2263 bus,
962 2211 1012 2248 etc.
1029 2198 1128 2257 Mores,·
1144 2195 1241 2262 nobie,
1260 2197 1318 2249 leur
1330 2215 1385 2248 ron·

348 2299 358 2321 κ
370 2275 455 2346 ρΙιιῐὸῑ
463 2273 593 2344 Cisarqui
604 2271 662 2324 u'en
673 2271 712 2322 dit
720 2271 847 2324 mutilans
892 2276 975 2340 duite,
988 2274 1046 2326 leur
1053 2273 1189 2345 discipline
1198 2274 1262 2345 pitu
1273 2295 1306 2328 ou
1314 2276 1387 2326 moins

347 2378 358 2400 ι
369 2371 411 2406 ses
425 2351 626 2405 Commentaires
638 2347 772 2418 (Africani
785 2349 849 2402 Belli
892 2352 1015 2406 reidohee.
1023 2353 1174 2404 illustratur
1180 2373 1238 2420 res,
1249 2373 1273 2407 c.
1284 2355 1387 2424 67.Ver·

349 2431 470 2484 «scilicet
478 2442 614 2482 auctorem
624 2427 707 2480 intell.
719 2445 777 2498 cap.
789 2425 847 2496 nt),
893 2431 927 2484 ba
937 2431 1069 2500 asos-runa
1078 2431 1194 2484 casaub.
1207 2434 1389 2504 interpretator

349 2523 396 2564 aet
411 2507 563 2582 soyerbien
578 2511 688 2578 surque
706 2505 795 2576 quand
813 2523 848 2556 on
894 2530 910 2560 a
929 2525 1014 2562 censu.
1039 2511 1077 2561 ita
1098 2511 1178 2560 etiam
1201 2509 1388 2581 Oudendorp,

349 2611 400 2644 sse
417 2591 483 2660 jette
504 2587 571 2640 daos
590 2587 617 2638 ia
634 2585 711 2650 mer,
725 2599 750 2637 et
769 2583 849 2657 qu'on
897 2589 1033 2640 «renum
1050 2586 1094 2639 hic
1110 2587 1244 2660 significat
1263 2591 1390 2652 fortunas,

350 2662 849 2737 -uenrdespapienttamain,ontn
894 2667 1390 2740 consumerpanimonium,aquote·
1486 2691 1487 2704 2

351 2746 509 2799 mouille·
894 2744 1006 2817 gebatur
1025 2746 1136 2811 miles,·
1160 2745 1274 2799 laudans
1293 2744 1389 2799 Comei.

384 2853 408 2886 ι.
424 2833 646 2886 Paludamentum
658 2831 785 2884 mordicus
797 2841 850 2881 tm·
895 2825 963 2893 Nep.
978 2821 1078 2876 Chabr.
1090 2824 1140 2888 111,
1154 2836 1180 2875 et
1193 2821 1298 2876 Phaedr.
1310 2825 1352 2887 tv,
1363 2823 1392 2888 d,

349 2913 423 2979 heris,
436 2926 487 2964 eto.
499 2913 566 2976 Dio,
579 2909 597 2961 Ι.
609 2931 633 2962 c.
646 2923 749 2974 narrat,
764 2912 850 2962 Cese—
896 2905 921 2957 8.
932 2903 974 2956 Sic
984 2921 1070 2955 sermo
1085 2915 1156 2955 esset
1168 2902 1203 2955 de
1217 2902 1318 2956 dilectu
1331 2903 1394 2954 miii·

348 3011 404 3044 rem
412 2989 629 3062 paludamentum
638 3007 851 3060 purpureum,ne
896 2997 969 3047 tum,
990 2995 1016 3034 et
1034 2983 1143 3053 probare
1164 2995 1347 3054 opponeretur
1362 3001 1392 3048 ιφ

349 3085 484 3124 natantem
502 3068 662 3138 deprimeret
677 3069 718 3120 vel
735 3066 850 3121 hostium
896 3063 1010 3134 rq'ioere,
1023 3079 1178 3114 removeren
1192 3059 1300 3114 militia.
1313 3060 1393 3129 Quid,
1486 3075 1487 3078 ’

275 3169 278 3176 ·
348 3150 442 3222 jaculis
457 3161 615 3221 exponeret,
631 3147 758 3217 abjecisse
773 3159 852 3216 atque
896 3139 1209 3211 siiutelligasfortunam
1220 3141 1354 3208 bellicen,
1368 3153 1394 3192 ut

348 3227 493 3294 itaoando
512 3227 641 3289 evasisse,
663 3225 852 3296 paludamento
896 3217 1021 3270 militibus
1035 3235 1090 3269 non
1105 3237 1153 3270 sua
1167 3219 1289 3290 ipsorum
1304 3219 1393 3290 culpa,

350 3311 449 3380 paim.
464 3306 599 3378 AEgyptim
614 3302 647 3356 ad
662 3318 790 3375 tropaeum
806 3322 850 3356 ω.
897 3295 943 3348 sed
959 3295 1069 3348 adversa
1086 3297 1195 3349 fortuna
1209 3301 1340 3370 superatis
1350 3335 1358 3363 ,
1369 3296 1395 3348 id

351 3388 502 3460 spendisse,
514 3385 587 3458 quod
598 3385 706 3436 Cesaris
717 3385 786 3454 iuge
799 3403 852 3436 mo.
896 3393 951 3428 aon
962 3377 1157 3428 succensuerit?
1166 3377 1233 3428 Vide
1246 3396 1270 3429 e.
1281 3379 1332 3432 68:
1345 3379 1396 3429 ιΒι

351 3481 506 3522 nomentum
521 3477 673 3528 erexerant,
689 3477 815 3534 tanquam
829 3465 852 3514 si
896 3455 1073 3508 consolandos
1084 3473 1130 3507 eos
1140 3457 1396 3530 mogislaip.,qoau

349 3567 411 3600 enm
429 3548 516 3618 ipsum
533 3543 716 3614 peremissent.
731 3543 808 3594 conf.
826 3555 852 3594 et
896 3535 1047 3606 puniendos
1058 3533 1208 3588 hebuerit.-
1219 3537 1288 3589 coll.
1299 3538 1361 3590 Ces.
1371 3535 1395 3586 B.

351 3625 465 3697 Appian.
477 3639 525 3694 9⁰·
536 3620 608 3672 Ftor.
618 3621 669 3684 lV,
684 3639 715 3683 a,
729 3621 777 3688 59:
794 3622 854 3671 «tn-
897 3615 1260 3686 c.111,73.1taLiv.xL11,
1275 3619 1327 3688 49:
1345 3640 1356 3662 ι
1366 3613 1397 3668 ed
1509 3627 1510 3680 f

351 3706 384 3757 de
401 3703 529 3777 depulsus
545 3703 572 3752 in
589 3701 672 3750 maria
690 3701 754 3750 mira
767 3698 853 3749 felici·
897 3713 1022 3766 magnoin
1043 3693 1215 3768 nobilemque
1238 3711 1284 3750 aot
1309 3697 1398 3750 virtute

352 3784 408 3836 rate
424 3784 458 3834 sd
477 3782 620 3854 proximam
636 3778 747 3829 classem
761 3789 853 3828 enata·
898 3785 943 3824 aut
954 3773 1066 3844 fortuna
1083 3773 1224 3836 hostem·
1243 3789 1271 3827 et
1289 3789 1397 3846 postea:

351 3865 402 3922 vit,
414 3862 506 3912 relicto
516 3857 624 3932 quidem
636 3858 663 3908 in
673 3854 797 3907 ductibus
808 3873 854 3925 pa·
901 3873 913 3896 ι·
922 3854 1007 3904 utrius
1015 3853 1116 3919 mentis,
1125 3855 1210 3905 utrius
1211 3853 1399 3924 fortunaeGon·

350 3932 853 4002 ludarneoto,seufeto,eeuoonsilio,
898 3930 981 3983 sulem
999 3929 1032 3982 ud
1052 3930 1150 3982 beilum
1170 3934 1307 3984 mittam.-
1331 3933 1399 3987 Vires

352 4031 382 4070 nt
396 4015 462 4068 iliud
473 4015 656 4086 ingruentibus
667 4013 783 4066 hostiurn
796 4010 854 4064 telis
898 4008 971 4080 apud
983 4011 1111 4061 Nostrum
1121 4012 1159 4062 ito
1168 4029 1223 4062 non
1234 4025 1296 4063 sunt
1306 4031 1398 4083 corpo·

354 4097 475 4166 saxisque
493 4109 656 4165 peteretne·
672 4123 709 4134 -
722 4095 772 4144 Pro
785 4091 855 4162 poti·
898 4091 948 4154 ris,
959 4088 1005 4140 aad
1015 4091 1109 4155 animi,
1119 4103 1149 4142 ut
1157 4091 1248 4142 Horat.
1258 4091 1345 4142 Carni.
1356 4091 1399 4152 iV,

353 4185 438 4239 retur,
455 4173 520 4224 Cod.
539 4177 647 4226 Memor.
664 4184 806 4244 peteretne,
825 4183 853 4225 ut
900 4187 929 4234 ι,
945 4185 992 4218 ιιι
1011 4181 1058 4218 set
1076 4171 1139 4222 uires
1153 4169 1326 4240 animumque
1345 4189 1399 4220 nio-
