<?xml version="1.0" encoding="UTF-8"?>
<!DOCTYPE html PUBLIC "-//W3C//DTD XHTML 1.0 Transitional//EN"
    "http://www.w3.org/TR/xhtml1/DTD/xhtml1-transitional.dtd">
<html xmlns="http://www.w3.org/1999/xhtml" xml:lang="en" lang="en">
 <head>
  <title>
</title>
<meta http-equiv="Content-Type" content="text/html;charset=utf-8" />
  <meta name='ocr-system' content='tesseract 3.04.00' />
  <meta name='ocr-capabilities' content='ocr_page ocr_carea ocr_par ocr_line ocrx_word'/>
</head>
<body>
  <div class='ocr_page' id='page_1' title='image "./csuetoniitranqu02suetgoog_0033.png"; bbox 0 0 3122 5134; ppageno 0'>
   <div class='ocr_carea' id='block_1_1' title="bbox 480 559 1158 662">
    <p class='ocr_par' dir='ltr' id='par_1_1' title="bbox 480 559 1158 662">
     <span class='ocr_line' id='line_1_1' title="bbox 480 559 1158 662; baseline 0.012 -38"><span class='ocrx_word' id='word_1_1' title='bbox 480 559 516 623; x_wconf 89' lang='lat' dir='ltr'><strong>c.</strong></span> <span class='ocrx_word' id='word_1_2' title='bbox 540 561 788 662; x_wconf 81' lang='lat' dir='ltr'><strong>suaroun.</strong></span> <span class='ocrx_word' id='word_1_3' title='bbox 1092 587 1158 636; x_wconf 76' lang='lat' dir='ltr'><strong>xxv</strong></span> 
     </span>
    </p>
   </div>
   <div class='ocr_carea' id='block_1_2' title="bbox 122 682 1159 772">
    <p class='ocr_par' dir='ltr' id='par_1_2' title="bbox 122 682 1159 772">
     <span class='ocr_line' id='line_1_2' title="bbox 122 682 1159 772; baseline 0.011 -30"><span class='ocrx_word' id='word_1_4' title='bbox 122 682 195 742; x_wconf 82' lang='lat' dir='ltr'><strong>aonii</strong></span> <span class='ocrx_word' id='word_1_5' title='bbox 206 683 340 744; x_wconf 80' lang='lat' dir='ltr'><strong>carmine</strong></span> <span class='ocrx_word' id='word_1_6' title='bbox 351 683 386 744; x_wconf 91' lang='lat' dir='ltr'><strong>in</strong></span> <span class='ocrx_word' id='word_1_7' title='bbox 396 700 444 746; x_wconf 77' lang='grc' dir='ltr'><strong>ιιι</strong></span> <span class='ocrx_word' id='word_1_8' title='bbox 457 687 605 762; x_wconf 80' lang='lat' dir='ltr'><strong>Caesares,</strong></span> <span class='ocrx_word' id='word_1_9' title='bbox 619 701 649 747; x_wconf 92' lang='lat' dir='ltr'><strong>et</strong></span> <span class='ocrx_word' id='word_1_10' title='bbox 660 688 816 750; x_wconf 87' lang='lat' dir='ltr'><strong>Calderini</strong></span> <span class='ocrx_word' id='word_1_11' title='bbox 827 689 1005 772; x_wconf 87' lang='lat' dir='ltr'><strong>Sicomsque</strong></span> <span class='ocrx_word' id='word_1_12' title='bbox 1018 692 1159 753; x_wconf 91' lang='lat' dir='ltr'><strong>Poletoni</strong></span> 
     </span>
    </p>
   </div>
   <div class='ocr_carea' id='block_1_3' title="bbox 60 783 1189 4092">
    <p class='ocr_par' dir='ltr' id='par_1_3' title="bbox 122 783 1171 1944">
     <span class='ocr_line' id='line_1_3' title="bbox 123 783 1161 866; baseline 0.008 -22"><span class='ocrx_word' id='word_1_13' title='bbox 123 783 187 844; x_wconf 81' lang='lat' dir='ltr'><strong>Vita</strong></span> <span class='ocrx_word' id='word_1_14' title='bbox 200 783 345 843; x_wconf 89' lang='lat' dir='ltr'><strong>Suetonii.</strong></span> <span class='ocrx_word' id='word_1_15' title='bbox 360 783 504 866; x_wconf 83' lang='lat' dir='ltr'>Sequitur</span> <span class='ocrx_word' id='word_1_16' title='bbox 515 785 617 846; x_wconf 88' lang='lat' dir='ltr'><strong>brevis</strong></span> <span class='ocrx_word' id='word_1_17' title='bbox 629 785 784 848; x_wconf 86' lang='lat' dir='ltr'><strong>Calderini</strong></span> <span class='ocrx_word' id='word_1_18' title='bbox 797 788 1044 850; x_wconf 80' lang='lat' dir='ltr'>Commentarius</span> <span class='ocrx_word' id='word_1_19' title='bbox 1054 792 1088 851; x_wconf 95' lang='lat' dir='ltr'><strong>in</strong></span> <span class='ocrx_word' id='word_1_20' title='bbox 1100 794 1161 852; x_wconf 87' lang='lat' dir='ltr'><strong>tria</strong></span> 
     </span>
     <span class='ocr_line' id='line_1_4' title="bbox 122 881 1161 970; baseline 0.008 -29"><span class='ocrx_word' id='word_1_21' title='bbox 122 883 216 965; x_wconf 89' lang='lat' dir='ltr'><strong>capita</strong></span> <span class='ocrx_word' id='word_1_22' title='bbox 233 883 337 964; x_wconf 87' lang='lat' dir='ltr'><strong>priora</strong></span> <span class='ocrx_word' id='word_1_23' title='bbox 355 884 425 942; x_wconf 83' lang='lat' dir='ltr'><strong>vitae</strong></span> <span class='ocrx_word' id='word_1_24' title='bbox 443 881 505 944; x_wconf 89' lang='lat' dir='ltr'><strong>Jul.</strong></span> <span class='ocrx_word' id='word_1_25' title='bbox 519 883 662 959; x_wconf 73' lang='lat' dir='ltr'><strong>Caesaris,</strong></span> <span class='ocrx_word' id='word_1_26' title='bbox 684 883 806 946; x_wconf 85' lang='lat' dir='ltr'><strong>duabus</strong></span> <span class='ocrx_word' id='word_1_27' title='bbox 822 888 942 968; x_wconf 77' lang='lat' dir='ltr'><strong>paginis</strong></span> <span class='ocrx_word' id='word_1_28' title='bbox 960 886 1161 970; x_wconf 87' lang='lat' dir='ltr'><strong>comprehen-</strong></span> 
     </span>
     <span class='ocr_line' id='line_1_5' title="bbox 122 980 1162 1069; baseline 0.006 -30"><span class='ocrx_word' id='word_1_29' title='bbox 122 1001 177 1065; x_wconf 83' lang='lat' dir='ltr'><strong>sus.</strong></span> <span class='ocrx_word' id='word_1_30' title='bbox 190 981 226 1039; x_wconf 92' lang='lat' dir='ltr'><strong>ln</strong></span> <span class='ocrx_word' id='word_1_31' title='bbox 238 980 302 1042; x_wconf 89' lang='lat' dir='ltr'><strong>fine</strong></span> <span class='ocrx_word' id='word_1_32' title='bbox 313 981 448 1042; x_wconf 90' lang='lat' dir='ltr'><strong>Suetonii</strong></span> <span class='ocrx_word' id='word_1_33' title='bbox 457 981 586 1062; x_wconf 87' lang='lat' dir='ltr'><strong>legitur:</strong></span> <span class='ocrx_word' id='word_1_34' title='bbox 603 1005 616 1036; x_wconf 83' lang='lat' dir='ltr'><strong>u</strong></span> <span class='ocrx_word' id='word_1_35' title='bbox 626 983 720 1042; x_wconf 83' lang='lat' dir='ltr'><strong>Finis.</strong></span> <span class='ocrx_word' id='word_1_36' title='bbox 735 983 905 1044; x_wconf 82' lang='lat' dir='ltr'><strong>Mediolani</strong></span> <span class='ocrx_word' id='word_1_37' title='bbox 917 985 1096 1067; x_wconf 79' lang='lat' dir='ltr'><strong>impressum</strong></span> <span class='ocrx_word' id='word_1_38' title='bbox 1107 1007 1162 1069; x_wconf 89' lang='lat' dir='ltr'><strong>per</strong></span> 
     </span>
     <span class='ocr_line' id='line_1_6' title="bbox 122 1077 1171 1161; baseline 0.001 -21"><span class='ocrx_word' id='word_1_39' title='bbox 122 1078 299 1160; x_wconf 78' lang='lat' dir='ltr'><strong>Magistrum</strong></span> <span class='ocrx_word' id='word_1_40' title='bbox 310 1077 493 1161; x_wconf 84' lang='lat' dir='ltr'><strong>Philippum</strong></span> <span class='ocrx_word' id='word_1_41' title='bbox 502 1077 540 1138; x_wconf 90' lang='lat' dir='ltr'><strong>dc</strong></span> <span class='ocrx_word' id='word_1_42' title='bbox 549 1077 691 1160; x_wconf 85' lang='lat' dir='ltr'><strong>lavagnia</strong></span> <span class='ocrx_word' id='word_1_43' title='bbox 701 1102 734 1140; x_wconf 81' lang='lat' dir='ltr'><strong>n.</strong></span> <span class='ocrx_word' id='word_1_44' title='bbox 748 1099 829 1140; x_wconf 90' lang='grc'><strong>0000.</strong></span> <span class='ocrx_word' id='word_1_45' title='bbox 840 1101 931 1157; x_wconf 79' lang='lat' dir='ltr'><strong>txxv,</strong></span> <span class='ocrx_word' id='word_1_46' title='bbox 940 1081 990 1142; x_wconf 91' lang='lat' dir='ltr'><strong>die</strong></span> <span class='ocrx_word' id='word_1_47' title='bbox 1003 1103 1041 1142; x_wconf 78' lang='lat' dir='ltr'><strong>oo</strong></span> <span class='ocrx_word' id='word_1_48' title='bbox 1051 1083 1136 1144; x_wconf 90' lang='lat' dir='ltr'><strong>Julii.</strong></span> <span class='ocrx_word' id='word_1_49' title='bbox 1146 1091 1171 1142; x_wconf 70' lang='grc' dir='ltr'><strong>η’</strong></span> 
     </span>
     <span class='ocr_line' id='line_1_7' title="bbox 123 1175 1164 1263; baseline 0.005 -27"><span class='ocrx_word' id='word_1_50' title='bbox 123 1176 157 1235; x_wconf 93' lang='lat' dir='ltr'><strong>ln</strong></span> <span class='ocrx_word' id='word_1_51' title='bbox 175 1175 255 1236; x_wconf 90' lang='lat' dir='ltr'><strong>calce</strong></span> <span class='ocrx_word' id='word_1_52' title='bbox 276 1176 467 1256; x_wconf 88' lang='lat' dir='ltr'><strong>reliquorum</strong></span> <span class='ocrx_word' id='word_1_53' title='bbox 484 1188 668 1236; x_wconf 87' lang='lat' dir='ltr'><strong>auctorum:</strong></span> <span class='ocrx_word' id='word_1_54' title='bbox 687 1175 919 1242; x_wconf 81' lang='lat' dir='ltr'><strong>ulnformatum</strong></span> <span class='ocrx_word' id='word_1_55' title='bbox 940 1194 984 1240; x_wconf 89' lang='lat' dir='ltr'><strong>est</strong></span> <span class='ocrx_word' id='word_1_56' title='bbox 1004 1177 1065 1240; x_wconf 91' lang='lat' dir='ltr'><strong>hoc</strong></span> <span class='ocrx_word' id='word_1_57' title='bbox 1085 1201 1164 1263; x_wconf 88' lang='lat' dir='ltr'><strong>opus</strong></span> 
     </span>
     <span class='ocr_line' id='line_1_8' title="bbox 123 1271 1164 1354; baseline 0.007 -24"><span class='ocrx_word' id='word_1_58' title='bbox 123 1273 360 1354; x_wconf 83' lang='lat' dir='ltr'><strong>permagistrum</strong></span> <span class='ocrx_word' id='word_1_59' title='bbox 366 1271 546 1354; x_wconf 90' lang='lat' dir='ltr'><strong>Philippum</strong></span> <span class='ocrx_word' id='word_1_60' title='bbox 554 1272 593 1333; x_wconf 91' lang='lat' dir='ltr'><strong>de</strong></span> <span class='ocrx_word' id='word_1_61' title='bbox 601 1275 746 1354; x_wconf 87' lang='lat' dir='ltr'><strong>Lavagna</strong></span> <span class='ocrx_word' id='word_1_62' title='bbox 755 1295 841 1334; x_wconf 87' lang='lat' dir='ltr'><strong>anno</strong></span> <span class='ocrx_word' id='word_1_63' title='bbox 850 1297 868 1335; x_wconf 87' lang='lat' dir='ltr'><strong>a</strong></span> <span class='ocrx_word' id='word_1_64' title='bbox 878 1277 1040 1336; x_wconf 83' lang='lat' dir='ltr'><strong>nativitate</strong></span> <span class='ocrx_word' id='word_1_65' title='bbox 1049 1276 1164 1338; x_wconf 83' lang='lat' dir='ltr'><strong>Christi</strong></span> 
     </span>
     <span class='ocr_line' id='line_1_9' title="bbox 125 1371 1162 1449; baseline 0.004 -19"><span class='ocrx_word' id='word_1_66' title='bbox 125 1392 155 1430; x_wconf 79' lang='lat' dir='ltr'><strong>u.</strong></span> <span class='ocrx_word' id='word_1_67' title='bbox 172 1391 251 1431; x_wconf 87' lang='grc'><strong>0000.</strong></span> <span class='ocrx_word' id='word_1_68' title='bbox 273 1392 363 1433; x_wconf 76' lang='lat' dir='ltr'><strong>cxxv.</strong></span> <span class='ocrx_word' id='word_1_69' title='bbox 387 1372 553 1433; x_wconf 87' lang='lat' dir='ltr'><strong>undecimo</strong></span> <span class='ocrx_word' id='word_1_70' title='bbox 576 1371 729 1432; x_wconf 83' lang='lat' dir='ltr'><strong>llalendas</strong></span> <span class='ocrx_word' id='word_1_71' title='bbox 749 1374 929 1449; x_wconf 81' lang='lat' dir='ltr'><strong>lanuarias,</strong></span> <span class='ocrx_word' id='word_1_72' title='bbox 952 1375 1162 1436; x_wconf 66' lang='lat' dir='ltr'><strong>Mediolani.»</strong></span> 
     </span>
     <span class='ocr_line' id='line_1_10' title="bbox 124 1466 1165 1534; baseline 0.006 -6"><span class='ocrx_word' id='word_1_73' title='bbox 124 1469 284 1530; x_wconf 85' lang='lat' dir='ltr'><strong>Fol—De</strong></span> <span class='ocrx_word' id='word_1_74' title='bbox 298 1470 451 1531; x_wconf 89' lang='lat' dir='ltr'><strong>rarissima</strong></span> <span class='ocrx_word' id='word_1_75' title='bbox 467 1470 525 1530; x_wconf 90' lang='lat' dir='ltr'><strong>hac</strong></span> <span class='ocrx_word' id='word_1_76' title='bbox 538 1471 671 1532; x_wconf 87' lang='lat' dir='ltr'><strong>editione</strong></span> <span class='ocrx_word' id='word_1_77' title='bbox 687 1466 833 1532; x_wconf 86' lang='lat' dir='ltr'><strong>vid.&#39;Car.</strong></span> <span class='ocrx_word' id='word_1_78' title='bbox 855 1470 969 1532; x_wconf 89' lang='lat' dir='ltr'><strong>Theod.</strong></span> <span class='ocrx_word' id='word_1_79' title='bbox 989 1474 1165 1534; x_wconf 88' lang='lat' dir='ltr'><strong>Gemeiners</strong></span> 
     </span>
     <span class='ocr_line' id='line_1_11' title="bbox 125 1566 1165 1650; baseline 0.004 -24"><span class='ocrx_word' id='word_1_80' title='bbox 125 1566 324 1629; x_wconf 86' lang='lat' dir='ltr'><strong>Nachrichten</strong></span> <span class='ocrx_word' id='word_1_81' title='bbox 334 1589 399 1629; x_wconf 89' lang='lat' dir='ltr'><strong>von</strong></span> <span class='ocrx_word' id='word_1_82' title='bbox 411 1568 471 1629; x_wconf 90' lang='lat' dir='ltr'><strong>den</strong></span> <span class='ocrx_word' id='word_1_83' title='bbox 483 1569 516 1628; x_wconf 92' lang='lat' dir='ltr'><strong>in</strong></span> <span class='ocrx_word' id='word_1_84' title='bbox 528 1568 582 1630; x_wconf 89' lang='lat' dir='ltr'><strong>der</strong></span> <span class='ocrx_word' id='word_1_85' title='bbox 595 1567 895 1650; x_wconf 83' lang='lat' dir='ltr'><strong>Regensburgischen</strong></span> <span class='ocrx_word' id='word_1_86' title='bbox 910 1571 1165 1632; x_wconf 86' lang='lat' dir='ltr'><strong>Stadtbibliothek</strong></span> 
     </span>
     <span class='ocr_line' id='line_1_12' title="bbox 125 1665 1167 1750; baseline 0.004 -24"><span class='ocrx_word' id='word_1_87' title='bbox 125 1665 328 1730; x_wconf 86' lang='lat' dir='ltr'><strong>belindlichen</strong></span> <span class='ocrx_word' id='word_1_88' title='bbox 348 1668 595 1750; x_wconf 77' lang='lat' dir='ltr'><strong>merkwiirdigen</strong></span> <span class='ocrx_word' id='word_1_89' title='bbox 615 1666 681 1728; x_wconf 91' lang='lat' dir='ltr'><strong>und</strong></span> <span class='ocrx_word' id='word_1_90' title='bbox 706 1667 840 1729; x_wconf 87' lang='lat' dir='ltr'><strong>seltenen</strong></span> <span class='ocrx_word' id='word_1_91' title='bbox 857 1669 998 1732; x_wconf 87' lang='lat' dir='ltr'><strong>Biichern</strong></span> <span class='ocrx_word' id='word_1_92' title='bbox 1021 1691 1076 1732; x_wconf 90' lang='lat' dir='ltr'><strong>aus</strong></span> <span class='ocrx_word' id='word_1_93' title='bbox 1095 1670 1167 1730; x_wconf 84' lang='lat' dir='ltr'><strong>dem</strong></span> 
     </span>
     <span class='ocr_line' id='line_1_13' title="bbox 126 1761 1166 1847; baseline 0.006 -25"><span class='ocrx_word' id='word_1_94' title='bbox 126 1761 333 1825; x_wconf 74' lang='lat' dir='ltr'><strong>funicehnden</strong></span> <span class='ocrx_word' id='word_1_95' title='bbox 343 1762 552 1825; x_wconf 88' lang='lat' dir='ltr'><strong>lahrhundert</strong></span> <span class='ocrx_word' id='word_1_96' title='bbox 569 1785 601 1847; x_wconf 92' lang='lat' dir='ltr'><strong>p.</strong></span> <span class='ocrx_word' id='word_1_97' title='bbox 616 1785 651 1824; x_wconf 80' lang='lat'><strong>21</strong></span> <span class='ocrx_word' id='word_1_98' title='bbox 666 1785 731 1846; x_wconf 90' lang='lat' dir='ltr'><strong>sqq.</strong></span> <span class='ocrx_word' id='word_1_99' title='bbox 747 1776 778 1824; x_wconf 91' lang='lat' dir='ltr'><strong>et</strong></span> <span class='ocrx_word' id='word_1_100' title='bbox 788 1765 925 1826; x_wconf 77' lang='lat' dir='ltr'><strong>Indicam</strong></span> <span class='ocrx_word' id='word_1_101' title='bbox 940 1779 1081 1827; x_wconf 87' lang='lat' dir='ltr'><strong>nostrum</strong></span> <span class='ocrx_word' id='word_1_102' title='bbox 1098 1767 1166 1828; x_wconf 86' lang='lat' dir='ltr'><strong>edd.</strong></span> 
     </span>
     <span class='ocr_line' id='line_1_14' title="bbox 127 1859 589 1944; baseline -0.002 -22"><span class='ocrx_word' id='word_1_103' title='bbox 127 1860 308 1944; x_wconf 85' lang='lat' dir='ltr'><strong>Scriptorum</strong></span> <span class='ocrx_word' id='word_1_104' title='bbox 320 1859 391 1922; x_wconf 87' lang='lat' dir='ltr'><strong>hist.</strong></span> <span class='ocrx_word' id='word_1_105' title='bbox 404 1865 481 1942; x_wconf 82' lang='lat' dir='ltr'><strong>Aug.</strong></span> <span class='ocrx_word' id='word_1_106' title='bbox 496 1884 526 1944; x_wconf 85' lang='lat' dir='ltr'><strong>p.</strong></span> <span class='ocrx_word' id='word_1_107' title='bbox 541 1863 589 1922; x_wconf 77' lang='lat'><strong>26.</strong></span> 
     </span>
    </p>

    <p class='ocr_par' dir='ltr' id='par_1_4' title="bbox 60 1958 1171 2432">
     <span class='ocr_line' id='line_1_15' title="bbox 162 1958 1168 2043; baseline 0.004 -24"><span class='ocrx_word' id='word_1_108' title='bbox 162 1960 378 2021; x_wconf 87' lang='lat' dir='ltr'><strong>-Suetonius</strong></span> <span class='ocrx_word' id='word_1_109' title='bbox 400 1959 439 2020; x_wconf 91' lang='lat' dir='ltr'><strong>de</strong></span> <span class='ocrx_word' id='word_1_110' title='bbox 459 1959 684 2020; x_wconf 85' lang='lat' dir='ltr'><strong>Grammaticis.</strong></span> <span class='ocrx_word' id='word_1_111' title='bbox 701 1958 874 2020; x_wconf 86' lang='lat' dir='ltr'><strong>Phalaridis</strong></span> <span class='ocrx_word' id='word_1_112' title='bbox 893 1961 1055 2043; x_wconf 80' lang='lat' dir='ltr'><strong>Epistulas,</strong></span> <span class='ocrx_word' id='word_1_113' title='bbox 1072 1960 1168 2023; x_wconf 83' lang='lat' dir='ltr'><strong>latine</strong></span> 
     </span>
     <span class='ocr_line' id='line_1_16' title="bbox 60 2055 1170 2138; baseline 0.005 -23"><span class='ocrx_word' id='word_1_114' title='bbox 60 2060 64 2066; x_wconf 87' lang='lat'>&#39;</span> <span class='ocrx_word' id='word_1_115' title='bbox 129 2057 248 2138; x_wconf 88' lang='lat' dir='ltr'><strong>interpr.</strong></span> <span class='ocrx_word' id='word_1_116' title='bbox 261 2057 391 2118; x_wconf 73' lang='lat' dir='ltr'><strong>Aretino</strong></span> <span class='ocrx_word' id='word_1_117' title='bbox 403 2056 557 2118; x_wconf 86' lang='lat' dir='ltr'><strong>Foeliciter</strong></span> <span class='ocrx_word' id='word_1_118' title='bbox 570 2055 716 2116; x_wconf 85' lang='lat' dir='ltr'><strong>absoluta</strong></span> <span class='ocrx_word' id='word_1_119' title='bbox 733 2069 806 2117; x_wconf 88' lang='lat' dir='ltr'><strong>sunt</strong></span> <span class='ocrx_word' id='word_1_120' title='bbox 818 2058 844 2118; x_wconf 74' lang='lat' dir='ltr'>A</span> <span class='ocrx_word' id='word_1_121' title='bbox 860 2079 1048 2119; x_wconf 78' lang='lat' dir='ltr'><strong>neccctxxv.</strong></span> <span class='ocrx_word' id='word_1_122' title='bbox 1067 2059 1170 2120; x_wconf 90' lang='lat' dir='ltr'><strong>Mode-</strong></span> 
     </span>
     <span class='ocr_line' id='line_1_17' title="bbox 130 2154 1170 2235; baseline 0 -19"><span class='ocrx_word' id='word_1_123' title='bbox 130 2169 186 2216; x_wconf 87' lang='lat' dir='ltr'><strong>stus</strong></span> <span class='ocrx_word' id='word_1_124' title='bbox 197 2155 234 2216; x_wconf 89' lang='lat' dir='ltr'><strong>de</strong></span> <span class='ocrx_word' id='word_1_125' title='bbox 246 2177 280 2217; x_wconf 86' lang='lat' dir='ltr'><strong>re</strong></span> <span class='ocrx_word' id='word_1_126' title='bbox 293 2155 430 2216; x_wconf 88' lang='lat' dir='ltr'><strong>militari.</strong></span> <span class='ocrx_word' id='word_1_127' title='bbox 440 2156 486 2214; x_wconf 89' lang='lat' dir='ltr'><strong>De</strong></span> <span class='ocrx_word' id='word_1_128' title='bbox 496 2154 726 2235; x_wconf 85' lang='lat' dir='ltr'><strong>Magistratihus</strong></span> <span class='ocrx_word' id='word_1_129' title='bbox 738 2166 769 2214; x_wconf 90' lang='lat' dir='ltr'><strong>et</strong></span> <span class='ocrx_word' id='word_1_130' title='bbox 784 2154 974 2216; x_wconf 80' lang='lat' dir='ltr'><strong>sacerdotiis.</strong></span> <span class='ocrx_word' id='word_1_131' title='bbox 994 2156 1114 2216; x_wconf 82' lang='lat' dir='ltr'><strong>Plinius</strong></span> <span class='ocrx_word' id='word_1_132' title='bbox 1132 2155 1170 2217; x_wconf 85' lang='lat' dir='ltr'><strong>de</strong></span> 
     </span>
     <span class='ocr_line' id='line_1_18' title="bbox 131 2249 1171 2335; baseline 0.003 -25"><span class='ocrx_word' id='word_1_133' title='bbox 131 2253 194 2312; x_wconf 86' lang='lat' dir='ltr'><strong>viris</strong></span> <span class='ocrx_word' id='word_1_134' title='bbox 215 2252 397 2314; x_wconf 84' lang='lat' dir='ltr'><strong>illustribus.</strong></span> <span class='ocrx_word' id='word_1_135' title='bbox 420 2249 449 2328; x_wconf 98' lang='grc'><strong>4.</strong></span> <span class='ocrx_word' id='word_1_136' title='bbox 469 2273 491 2311; x_wconf 91' lang='lat' dir='ltr'><strong>s.</strong></span> <span class='ocrx_word' id='word_1_137' title='bbox 513 2251 535 2311; x_wconf 98' lang='grc'><strong>1.</strong></span> <span class='ocrx_word' id='word_1_138' title='bbox 554 2265 584 2312; x_wconf 91' lang='lat' dir='ltr'><strong>et</strong></span> <span class='ocrx_word' id='word_1_139' title='bbox 603 2263 723 2335; x_wconf 79' lang='lat' dir='ltr'><strong>typogr.</strong></span> <span class='ocrx_word' id='word_1_140' title='bbox 742 2249 820 2311; x_wconf 84' lang='lat' dir='ltr'><strong>forte</strong></span> <span class='ocrx_word' id='word_1_141' title='bbox 837 2253 944 2312; x_wconf 73' lang='lat' dir='ltr'><strong>Roma:</strong></span> <span class='ocrx_word' id='word_1_142' title='bbox 964 2253 1121 2334; x_wconf 86' lang='lat' dir='ltr'><strong>impressa.</strong></span> <span class='ocrx_word' id='word_1_143' title='bbox 1133 2289 1171 2299; x_wconf 94' lang='lat'><em>-</em></span> 
     </span>
     <span class='ocr_line' id='line_1_19' title="bbox 131 2349 480 2432; baseline 0.003 -24"><span class='ocrx_word' id='word_1_144' title='bbox 131 2349 240 2412; x_wconf 88' lang='lat' dir='ltr'><strong>Panzer</strong></span> <span class='ocrx_word' id='word_1_145' title='bbox 252 2351 288 2410; x_wconf 89' lang='grc' dir='ltr'><strong>Τ.</strong></span> <span class='ocrx_word' id='word_1_146' title='bbox 304 2350 351 2424; x_wconf 88' lang='grc'><strong>11,</strong></span> <span class='ocrx_word' id='word_1_147' title='bbox 367 2372 396 2432; x_wconf 92' lang='lat' dir='ltr'><strong>p.</strong></span> <span class='ocrx_word' id='word_1_148' title='bbox 411 2351 480 2424; x_wconf 71' lang='grc'><strong>460.</strong></span> 
     </span>
    </p>

    <p class='ocr_par' dir='ltr' id='par_1_5' title="bbox 132 2445 1184 2916">
     <span class='ocr_line' id='line_1_20' title="bbox 170 2445 1174 2530; baseline 0.002 -22"><span class='ocrx_word' id='word_1_149' title='bbox 170 2447 251 2530; x_wconf 79' lang='grc'><strong>1478.</strong></span> <span class='ocrx_word' id='word_1_150' title='bbox 270 2451 306 2510; x_wconf 89' lang='lat' dir='ltr'><strong>G.</strong></span> <span class='ocrx_word' id='word_1_151' title='bbox 328 2447 478 2508; x_wconf 88' lang='lat' dir='ltr'><strong>Suetonii.</strong></span> <span class='ocrx_word' id='word_1_152' title='bbox 495 2445 680 2529; x_wconf 85' lang='lat' dir='ltr'><strong>Tranquilli.</strong></span> <span class='ocrx_word' id='word_1_153' title='bbox 699 2448 745 2507; x_wconf 92' lang='lat' dir='ltr'><strong>De</strong></span> <span class='ocrx_word' id='word_1_154' title='bbox 766 2447 977 2509; x_wconf 87' lang='lat' dir='ltr'><strong>Grammatiei.</strong></span> <span class='ocrx_word' id='word_1_155' title='bbox 997 2449 1037 2508; x_wconf 86' lang='lat' dir='ltr'><strong>Et</strong></span> <span class='ocrx_word' id='word_1_156' title='bbox 1064 2449 1174 2510; x_wconf 87' lang='lat' dir='ltr'><strong>Rheto-</strong></span> 
     </span>
     <span class='ocr_line' id='line_1_21' title="bbox 132 2544 1175 2628; baseline -0.003 -20"><span class='ocrx_word' id='word_1_157' title='bbox 132 2548 217 2610; x_wconf 88' lang='lat' dir='ltr'><strong>rihus.</strong></span> <span class='ocrx_word' id='word_1_158' title='bbox 230 2548 339 2608; x_wconf 86' lang='lat' dir='ltr'><strong>Claris.</strong></span> <span class='ocrx_word' id='word_1_159' title='bbox 353 2547 453 2606; x_wconf 89' lang='lat' dir='ltr'><strong>Liber.</strong></span> <span class='ocrx_word' id='word_1_160' title='bbox 465 2544 584 2628; x_wconf 88' lang='lat' dir='ltr'><strong>lncipit.</strong></span> <span class='ocrx_word' id='word_1_161' title='bbox 594 2578 633 2592; x_wconf 89' lang='lat'><em>-</em></span> <span class='ocrx_word' id='word_1_162' title='bbox 646 2547 719 2605; x_wconf 78' lang='lat' dir='ltr'><strong>llaec</strong></span> <span class='ocrx_word' id='word_1_163' title='bbox 736 2545 769 2604; x_wconf 93' lang='lat' dir='ltr'><strong>in</strong></span> <span class='ocrx_word' id='word_1_164' title='bbox 785 2545 886 2606; x_wconf 89' lang='lat' dir='ltr'><strong>fronte</strong></span> <span class='ocrx_word' id='word_1_165' title='bbox 900 2545 995 2606; x_wconf 88' lang='lat' dir='ltr'><strong>literis</strong></span> <span class='ocrx_word' id='word_1_166' title='bbox 1008 2547 1175 2626; x_wconf 85' lang='lat' dir='ltr'><strong>quadratis.</strong></span> 
     </span>
     <span class='ocr_line' id='line_1_22' title="bbox 132 2640 1176 2724; baseline -0.002 -19"><span class='ocrx_word' id='word_1_167' title='bbox 132 2643 234 2706; x_wconf 86' lang='lat' dir='ltr'><strong>lnfine</strong></span> <span class='ocrx_word' id='word_1_168' title='bbox 244 2644 355 2706; x_wconf 87' lang='lat' dir='ltr'><strong>iisdem</strong></span> <span class='ocrx_word' id='word_1_169' title='bbox 366 2642 478 2702; x_wconf 86' lang='lat' dir='ltr'><strong>literis:</strong></span> <span class='ocrx_word' id='word_1_170' title='bbox 495 2642 716 2723; x_wconf 71' lang='lat' dir='ltr'><strong>«Impressom.</strong></span> <span class='ocrx_word' id='word_1_171' title='bbox 727 2640 898 2702; x_wconf 85' lang='lat' dir='ltr'><strong>Florentiae.</strong></span> <span class='ocrx_word' id='word_1_172' title='bbox 906 2641 1006 2724; x_wconf 80' lang='lat' dir='ltr'><strong>Apud.</strong></span> <span class='ocrx_word' id='word_1_173' title='bbox 1019 2642 1176 2703; x_wconf 88' lang='lat' dir='ltr'><strong>Sanctum.</strong></span> 
     </span>
     <span class='ocr_line' id='line_1_23' title="bbox 134 2735 1177 2823; baseline -0.002 -21"><span class='ocrx_word' id='word_1_174' title='bbox 134 2742 285 2804; x_wconf 76' lang='lat' dir='ltr'><strong>iacobum.</strong></span> <span class='ocrx_word' id='word_1_175' title='bbox 306 2743 363 2802; x_wconf 91' lang='lat' dir='ltr'><strong>De.</strong></span> <span class='ocrx_word' id='word_1_176' title='bbox 380 2739 491 2823; x_wconf 86' lang='lat' dir='ltr'><strong>Ripoli&#39;.</strong></span> <span class='ocrx_word' id='word_1_177' title='bbox 513 2761 547 2800; x_wconf 84' lang='lat' dir='ltr'><strong>n.</strong></span> <span class='ocrx_word' id='word_1_178' title='bbox 560 2758 641 2799; x_wconf 90' lang='grc'><strong>0000.</strong></span> <span class='ocrx_word' id='word_1_179' title='bbox 653 2758 783 2800; x_wconf 76' lang='lat' dir='ltr'><strong>axxvnr.</strong></span> <span class='ocrx_word' id='word_1_180' title='bbox 801 2735 830 2814; x_wconf 91' lang='grc'><strong>4.</strong></span> <span class='ocrx_word' id='word_1_181' title='bbox 841 2739 986 2799; x_wconf 80' lang='lat' dir='ltr'><strong>-Maitt</strong></span> <span class='ocrx_word' id='word_1_182' title='bbox 1004 2762 1034 2822; x_wconf 90' lang='lat' dir='ltr'><strong>p.</strong></span> <span class='ocrx_word' id='word_1_183' title='bbox 1056 2740 1125 2819; x_wconf 77' lang='lat'>390,</span> <span class='ocrx_word' id='word_1_184' title='bbox 1148 2753 1177 2800; x_wconf 89' lang='lat' dir='ltr'><strong>et</strong></span> 
     </span>
     <span class='ocr_line' id='line_1_24' title="bbox 137 2833 1184 2916; baseline -0.015 -17"><span class='ocrx_word' id='word_1_185' title='bbox 137 2837 197 2916; x_wconf 80' lang='grc'><strong>394.</strong></span> <span class='ocrx_word' id='word_1_186' title='bbox 213 2840 334 2899; x_wconf 87' lang='lat' dir='ltr'><strong>Panzer</strong></span> <span class='ocrx_word' id='word_1_187' title='bbox 346 2837 383 2894; x_wconf 92' lang='grc' dir='ltr'><strong>Τ.</strong></span> <span class='ocrx_word' id='word_1_188' title='bbox 396 2835 427 2913; x_wconf 90' lang='lat' dir='ltr'><strong>l,</strong></span> <span class='ocrx_word' id='word_1_189' title='bbox 442 2857 471 2916; x_wconf 92' lang='lat' dir='ltr'><strong>p.</strong></span> <span class='ocrx_word' id='word_1_190' title='bbox 488 2833 558 2911; x_wconf 94' lang='grc'><strong>406.</strong></span> <span class='ocrx_word' id='word_1_191' title='bbox 1181 2862 1184 2872; x_wconf 76' lang='lat'><strong>.</strong></span> 
     </span>
    </p>

    <p class='ocr_par' dir='ltr' id='par_1_6' title="bbox 136 2931 1186 3406">
     <span class='ocr_line' id='line_1_25' title="bbox 173 2931 1178 3011; baseline -0.003 -15"><span class='ocrx_word' id='word_1_192' title='bbox 173 2934 255 3011; x_wconf 83' lang='grc'><strong>1480.</strong></span> <span class='ocrx_word' id='word_1_193' title='bbox 270 2935 409 2998; x_wconf 89' lang='lat' dir='ltr'><strong>Suetonii</strong></span> <span class='ocrx_word' id='word_1_194' title='bbox 426 2933 505 2994; x_wconf 84' lang='lat' dir='ltr'><strong>Vitae</strong></span> <span class='ocrx_word' id='word_1_195' title='bbox 520 2933 690 3010; x_wconf 71' lang='lat' dir='ltr'><strong>Cassarum,</strong></span> <span class='ocrx_word' id='word_1_196' title='bbox 709 2953 781 2993; x_wconf 90' lang='lat' dir='ltr'><strong>cum</strong></span> <span class='ocrx_word' id='word_1_197' title='bbox 793 2933 925 2992; x_wconf 90' lang='lat' dir='ltr'><strong>Domitii</strong></span> <span class='ocrx_word' id='word_1_198' title='bbox 943 2931 1099 2993; x_wconf 87' lang='lat' dir='ltr'><strong>Calderini</strong></span> <span class='ocrx_word' id='word_1_199' title='bbox 1115 2933 1178 2993; x_wconf 83' lang='lat' dir='ltr'><strong>vita</strong></span> 
     </span>
     <span class='ocr_line' id='line_1_26' title="bbox 136 3030 1178 3112; baseline -0.002 -20"><span class='ocrx_word' id='word_1_200' title='bbox 136 3032 272 3094; x_wconf 86' lang='lat' dir='ltr'><strong>Suetonii.</strong></span> <span class='ocrx_word' id='word_1_201' title='bbox 296 3034 335 3092; x_wconf 93' lang='lat' dir='ltr'><strong>ln</strong></span> <span class='ocrx_word' id='word_1_202' title='bbox 353 3030 441 3092; x_wconf 88' lang='lat' dir='ltr'><strong>fine:</strong></span> <span class='ocrx_word' id='word_1_203' title='bbox 463 3030 572 3090; x_wconf 66' lang='lat' dir='ltr'><strong>“Finis</strong></span> <span class='ocrx_word' id='word_1_204' title='bbox 588 3052 594 3088; x_wconf 92' lang='lat'><strong>:</strong></span> <span class='ocrx_word' id='word_1_205' title='bbox 613 3031 681 3092; x_wconf 90' lang='lat' dir='ltr'><strong>Hoc</strong></span> <span class='ocrx_word' id='word_1_206' title='bbox 700 3051 778 3112; x_wconf 90' lang='lat' dir='ltr'><strong>opus</strong></span> <span class='ocrx_word' id='word_1_207' title='bbox 801 3030 963 3112; x_wconf 77' lang='lat' dir='ltr'><strong>diligenter</strong></span> <span class='ocrx_word' id='word_1_208' title='bbox 981 3030 1178 3090; x_wconf 88' lang='lat' dir='ltr'><strong>emendatum</strong></span> 
     </span>
     <span class='ocr_line' id='line_1_27' title="bbox 136 3119 1181 3214; baseline 0.002 -26"><span class='ocrx_word' id='word_1_209' title='bbox 136 3129 313 3214; x_wconf 80' lang='lat' dir='ltr'><strong>impressum</strong></span> <span class='ocrx_word' id='word_1_210' title='bbox 333 3143 377 3191; x_wconf 85' lang='lat' dir='ltr'><strong>est</strong></span> <span class='ocrx_word' id='word_1_211' title='bbox 398 3119 569 3190; x_wconf 86' lang='lat' dir='ltr'><strong>Mediolani</strong></span> <span class='ocrx_word' id='word_1_212' title='bbox 593 3149 648 3210; x_wconf 89' lang='lat' dir='ltr'><strong>per</strong></span> <span class='ocrx_word' id='word_1_213' title='bbox 664 3131 836 3190; x_wconf 80' lang='lat' dir='ltr'><strong>Antonium</strong></span> <span class='ocrx_word' id='word_1_214' title='bbox 858 3131 1006 3190; x_wconf 82' lang='lat' dir='ltr'><strong>Zarotum</strong></span> <span class='ocrx_word' id='word_1_215' title='bbox 1032 3151 1125 3212; x_wconf 89' lang='lat' dir='ltr'><strong>opera</strong></span> <span class='ocrx_word' id='word_1_216' title='bbox 1150 3145 1181 3191; x_wconf 92' lang='lat' dir='ltr'><strong>et</strong></span> 
     </span>
     <span class='ocr_line' id='line_1_28' title="bbox 137 3225 1186 3311; baseline -0.002 -23"><span class='ocrx_word' id='word_1_217' title='bbox 137 3227 267 3311; x_wconf 87' lang='lat' dir='ltr'><strong>impensa</strong></span> <span class='ocrx_word' id='word_1_218' title='bbox 284 3228 441 3289; x_wconf 87' lang='lat' dir='ltr'><strong>Johannis</strong></span> <span class='ocrx_word' id='word_1_219' title='bbox 454 3225 580 3307; x_wconf 86' lang='lat' dir='ltr'><strong>legnani</strong></span> <span class='ocrx_word' id='word_1_220' title='bbox 594 3225 643 3286; x_wconf 88' lang='lat' dir='ltr'><strong>die</strong></span> <span class='ocrx_word' id='word_1_221' title='bbox 662 3247 724 3288; x_wconf 76' lang='lat' dir='ltr'><strong>xvi.</strong></span> <span class='ocrx_word' id='word_1_222' title='bbox 742 3227 924 3287; x_wconf 82' lang='lat' dir='ltr'><strong>Novembris</strong></span> <span class='ocrx_word' id='word_1_223' title='bbox 943 3229 1035 3287; x_wconf 82' lang='lat' dir='ltr'><strong>Anno</strong></span> <span class='ocrx_word' id='word_1_224' title='bbox 1051 3227 1186 3288; x_wconf 62' lang='lat' dir='ltr'><strong>dominis</strong></span> 
     </span>
     <span class='ocr_line' id='line_1_29' title="bbox 138 3320 1143 3406; baseline -0.002 -20"><span class='ocrx_word' id='word_1_225' title='bbox 138 3346 168 3386; x_wconf 84' lang='lat' dir='ltr'><strong>rt.</strong></span> <span class='ocrx_word' id='word_1_226' title='bbox 183 3347 263 3388; x_wconf 84' lang='grc'><strong>0000.</strong></span> <span class='ocrx_word' id='word_1_227' title='bbox 276 3345 392 3388; x_wconf 70' lang='lat' dir='ltr'><strong>un.»</strong></span> <span class='ocrx_word' id='word_1_228' title='bbox 407 3324 523 3384; x_wconf 66' lang='grc'><strong>101.-</strong></span> <span class='ocrx_word' id='word_1_229' title='bbox 532 3323 633 3383; x_wconf 87' lang='lat' dir='ltr'><strong>Maitt.</strong></span> <span class='ocrx_word' id='word_1_230' title='bbox 646 3342 676 3402; x_wconf 87' lang='lat' dir='ltr'><strong>p.</strong></span> <span class='ocrx_word' id='word_1_231' title='bbox 686 3320 756 3397; x_wconf 77' lang='grc'><strong>410.</strong></span> <span class='ocrx_word' id='word_1_232' title='bbox 769 3324 888 3384; x_wconf 89' lang='lat' dir='ltr'><strong>Panzer</strong></span> <span class='ocrx_word' id='word_1_233' title='bbox 900 3339 977 3383; x_wconf 90' lang='lat' dir='ltr'><strong>tom.</strong></span> <span class='ocrx_word' id='word_1_234' title='bbox 990 3325 1036 3399; x_wconf 92' lang='lat' dir='ltr'><strong>ll,</strong></span> <span class='ocrx_word' id='word_1_235' title='bbox 1048 3346 1078 3406; x_wconf 92' lang='lat' dir='ltr'><strong>p.</strong></span> <span class='ocrx_word' id='word_1_236' title='bbox 1095 3325 1143 3384; x_wconf 83' lang='lat'><strong>38.</strong></span> 
     </span>
    </p>

    <p class='ocr_par' dir='ltr' id='par_1_7' title="bbox 139 3421 1189 4092">
     <span class='ocr_line' id='line_1_30' title="bbox 172 3421 1189 3504; baseline -0.004 -18"><span class='ocrx_word' id='word_1_237' title='bbox 172 3458 208 3470; x_wconf 97' lang='lat'><em>-</em></span> <span class='ocrx_word' id='word_1_238' title='bbox 218 3424 399 3498; x_wconf 83' lang='lat' dir='ltr'><strong>Suetonius,</strong></span> <span class='ocrx_word' id='word_1_239' title='bbox 413 3435 470 3484; x_wconf 86' lang='lat' dir='ltr'><strong>etc.</strong></span> <span class='ocrx_word' id='word_1_240' title='bbox 485 3422 523 3481; x_wconf 92' lang='lat' dir='ltr'><strong>ln</strong></span> <span class='ocrx_word' id='word_1_241' title='bbox 538 3424 638 3504; x_wconf 90' lang='lat' dir='ltr'><strong>prima</strong></span> <span class='ocrx_word' id='word_1_242' title='bbox 650 3422 764 3504; x_wconf 83' lang='lat' dir='ltr'><strong>pagina</strong></span> <span class='ocrx_word' id='word_1_243' title='bbox 777 3421 830 3482; x_wconf 89' lang='lat' dir='ltr'><strong>fol.</strong></span> <span class='ocrx_word' id='word_1_244' title='bbox 847 3443 875 3497; x_wconf 84' lang='lat' dir='ltr'><strong>a,</strong></span> <span class='ocrx_word' id='word_1_245' title='bbox 893 3421 1039 3504; x_wconf 89' lang='lat' dir='ltr'><strong>leguntur</strong></span> <span class='ocrx_word' id='word_1_246' title='bbox 1053 3425 1189 3482; x_wconf 80' lang='lat' dir='ltr'><strong>Ausonii.</strong></span> 
     </span>
     <span class='ocr_line' id='line_1_31' title="bbox 139 3517 1184 3600; baseline -0.002 -20"><span class='ocrx_word' id='word_1_247' title='bbox 139 3542 236 3583; x_wconf 85' lang='lat' dir='ltr'><strong>versus</strong></span> <span class='ocrx_word' id='word_1_248' title='bbox 249 3520 288 3582; x_wconf 91' lang='lat' dir='ltr'><strong>de</strong></span> <span class='ocrx_word' id='word_1_249' title='bbox 300 3520 438 3580; x_wconf 87' lang='lat' dir='ltr'><strong>Suetonii</strong></span> <span class='ocrx_word' id='word_1_250' title='bbox 452 3518 597 3593; x_wconf 86' lang='lat' dir='ltr'><strong>historia,</strong></span> <span class='ocrx_word' id='word_1_251' title='bbox 612 3519 725 3600; x_wconf 90' lang='lat' dir='ltr'><strong>quibus</strong></span> <span class='ocrx_word' id='word_1_252' title='bbox 739 3517 854 3579; x_wconf 89' lang='lat' dir='ltr'><strong>accedit</strong></span> <span class='ocrx_word' id='word_1_253' title='bbox 866 3518 993 3580; x_wconf 90' lang='lat' dir='ltr'><strong>titulus:</strong></span> <span class='ocrx_word' id='word_1_254' title='bbox 1009 3521 1068 3580; x_wconf 77' lang='lat' dir='ltr'><strong>«C.</strong></span> <span class='ocrx_word' id='word_1_255' title='bbox 1081 3520 1184 3580; x_wconf 83' lang='lat' dir='ltr'><strong>Sueto-</strong></span> 
     </span>
     <span class='ocr_line' id='line_1_32' title="bbox 140 3612 1184 3700; baseline -0.003 -23"><span class='ocrx_word' id='word_1_256' title='bbox 140 3618 181 3678; x_wconf 93' lang='lat' dir='ltr'><strong>nii</strong></span> <span class='ocrx_word' id='word_1_257' title='bbox 194 3616 374 3700; x_wconf 85' lang='lat' dir='ltr'><strong>Tranquilli</strong></span> <span class='ocrx_word' id='word_1_258' title='bbox 386 3615 424 3676; x_wconf 91' lang='lat' dir='ltr'><strong>de</strong></span> <span class='ocrx_word' id='word_1_259' title='bbox 435 3617 500 3678; x_wconf 85' lang='lat' dir='ltr'><strong>vita</strong></span> <span class='ocrx_word' id='word_1_260' title='bbox 514 3636 560 3676; x_wconf 64' lang='grc' dir='ltr'><strong>ιιι</strong></span> <span class='ocrx_word' id='word_1_261' title='bbox 572 3615 729 3675; x_wconf 79' lang='lat' dir='ltr'><strong>Caesarum</strong></span> <span class='ocrx_word' id='word_1_262' title='bbox 741 3616 833 3676; x_wconf 87' lang='lat' dir='ltr'><strong>Liber</strong></span> <span class='ocrx_word' id='word_1_263' title='bbox 847 3615 978 3697; x_wconf 89' lang='lat' dir='ltr'><strong>primus.</strong></span> <span class='ocrx_word' id='word_1_264' title='bbox 987 3652 1025 3663; x_wconf 94' lang='lat'>-</span> <span class='ocrx_word' id='word_1_265' title='bbox 1034 3617 1072 3674; x_wconf 89' lang='lat' dir='ltr'><strong>D.</strong></span> <span class='ocrx_word' id='word_1_266' title='bbox 1082 3615 1102 3673; x_wconf 89' lang='lat' dir='ltr'>J</span> <span class='ocrx_word' id='word_1_267' title='bbox 1104 3612 1184 3674; x_wconf 87' lang='lat' dir='ltr'><strong>nlius</strong></span> 
     </span>
     <span class='ocr_line' id='line_1_33' title="bbox 139 3710 1182 3792; baseline -0.006 -16"><span class='ocrx_word' id='word_1_268' title='bbox 139 3714 266 3776; x_wconf 73' lang='lat' dir='ltr'><strong>Cassan„</strong></span> <span class='ocrx_word' id='word_1_269' title='bbox 285 3713 324 3772; x_wconf 95' lang='lat' dir='ltr'><strong>ln</strong></span> <span class='ocrx_word' id='word_1_270' title='bbox 333 3710 415 3772; x_wconf 85' lang='lat' dir='ltr'><strong>fine:</strong></span> <span class='ocrx_word' id='word_1_271' title='bbox 431 3735 445 3766; x_wconf 81' lang='lat' dir='ltr'><strong>u</strong></span> <span class='ocrx_word' id='word_1_272' title='bbox 457 3713 491 3772; x_wconf 90' lang='lat' dir='ltr'><strong>C.</strong></span> <span class='ocrx_word' id='word_1_273' title='bbox 502 3711 640 3772; x_wconf 90' lang='lat' dir='ltr'><strong>Suetonii</strong></span> <span class='ocrx_word' id='word_1_274' title='bbox 649 3710 822 3792; x_wconf 88' lang='lat' dir='ltr'><strong>Tranquilli</strong></span> <span class='ocrx_word' id='word_1_275' title='bbox 841 3710 879 3771; x_wconf 92' lang='lat' dir='ltr'><strong>de</strong></span> <span class='ocrx_word' id='word_1_276' title='bbox 895 3713 958 3772; x_wconf 85' lang='lat' dir='ltr'><strong>vita</strong></span> <span class='ocrx_word' id='word_1_277' title='bbox 971 3731 1016 3770; x_wconf 85' lang='lat' dir='ltr'><strong>xn</strong></span> <span class='ocrx_word' id='word_1_278' title='bbox 1029 3712 1182 3771; x_wconf 77' lang='lat' dir='ltr'><strong>Cassarum</strong></span> 
     </span>
     <span class='ocr_line' id='line_1_34' title="bbox 140 3811 1184 3894; baseline -0.001 -22"><span class='ocrx_word' id='word_1_279' title='bbox 140 3813 219 3874; x_wconf 89' lang='lat' dir='ltr'><strong>Lihri</strong></span> <span class='ocrx_word' id='word_1_280' title='bbox 239 3812 437 3874; x_wconf 86' lang='lat' dir='ltr'><strong>duodecimi:</strong></span> <span class='ocrx_word' id='word_1_281' title='bbox 453 3833 489 3872; x_wconf 84' lang='lat' dir='ltr'><strong>aa</strong></span> <span class='ocrx_word' id='word_1_282' title='bbox 503 3811 607 3874; x_wconf 88' lang='lat' dir='ltr'><strong>ultimi</strong></span> <span class='ocrx_word' id='word_1_283' title='bbox 627 3811 708 3878; x_wconf 88' lang='lat' dir='ltr'><strong>finis.</strong></span> <span class='ocrx_word' id='word_1_284' title='bbox 718 3839 733 3869; x_wconf 80' lang='lat' dir='ltr'><strong>n</strong></span> <span class='ocrx_word' id='word_1_285' title='bbox 753 3815 931 3894; x_wconf 88' lang='lat' dir='ltr'><strong>Sequuntur</strong></span> <span class='ocrx_word' id='word_1_286' title='bbox 948 3813 1043 3874; x_wconf 88' lang='lat' dir='ltr'><strong>iidem</strong></span> <span class='ocrx_word' id='word_1_287' title='bbox 1057 3812 1184 3872; x_wconf 77' lang='lat' dir='ltr'><strong>Ausonii</strong></span> 
     </span>
     <span class='ocr_line' id='line_1_35' title="bbox 141 3907 1187 3992; baseline 0.003 -27"><span class='ocrx_word' id='word_1_288' title='bbox 141 3929 254 3985; x_wconf 77' lang='lat' dir='ltr'><strong>versus,</strong></span> <span class='ocrx_word' id='word_1_289' title='bbox 274 3907 474 3970; x_wconf 83' lang='lat' dir='ltr'><strong>Monosticha</strong></span> <span class='ocrx_word' id='word_1_290' title='bbox 494 3909 532 3970; x_wconf 88' lang='lat' dir='ltr'><strong>de</strong></span> <span class='ocrx_word' id='word_1_291' title='bbox 553 3908 662 3970; x_wconf 87' lang='lat' dir='ltr'><strong>ordine</strong></span> <span class='ocrx_word' id='word_1_292' title='bbox 681 3911 919 3992; x_wconf 86' lang='lat' dir='ltr'><strong>imperatorum,</strong></span> <span class='ocrx_word' id='word_1_293' title='bbox 940 3907 1126 3970; x_wconf 88' lang='lat' dir='ltr'><strong>Tetrasticha</strong></span> <span class='ocrx_word' id='word_1_294' title='bbox 1149 3908 1187 3968; x_wconf 93' lang='lat' dir='ltr'><strong>de</strong></span> 
     </span>
     <span class='ocr_line' id='line_1_36' title="bbox 144 4007 1185 4092; baseline 0.001 -25"><span class='ocrx_word' id='word_1_295' title='bbox 144 4007 308 4069; x_wconf 76' lang='lat' dir='ltr'><strong>Cesaribus</strong></span> <span class='ocrx_word' id='word_1_296' title='bbox 321 4021 391 4092; x_wconf 88' lang='lat' dir='ltr'><strong>post</strong></span> <span class='ocrx_word' id='word_1_297' title='bbox 405 4009 644 4091; x_wconf 88' lang='lat' dir='ltr'><strong>Tranquillum,</strong></span> <span class='ocrx_word' id='word_1_298' title='bbox 658 4008 720 4070; x_wconf 89' lang='lat' dir='ltr'><strong>duo</strong></span> <span class='ocrx_word' id='word_1_299' title='bbox 738 4009 846 4091; x_wconf 89' lang='lat' dir='ltr'><strong>Elogia</strong></span> <span class='ocrx_word' id='word_1_300' title='bbox 863 4009 1013 4071; x_wconf 86' lang='lat' dir='ltr'><strong>Suetonii.</strong></span> <span class='ocrx_word' id='word_1_301' title='bbox 1029 4007 1185 4068; x_wconf 88' lang='lat' dir='ltr'><strong>Tandem:</strong></span> 
     </span>
    </p>
   </div>
   <div class='ocr_carea' id='block_1_4' title="bbox 22 4102 1187 4198">
    <p class='ocr_par' dir='ltr' id='par_1_8' title="bbox 22 4102 1187 4198">
     <span class='ocr_line' id='line_1_37' title="bbox 22 4102 1187 4198; baseline 0.003 -34"><span class='ocrx_word' id='word_1_302' title='bbox 22 4195 23 4198; x_wconf 7' lang='grc' dir='ltr'><strong>Ἴ</strong></span> <span class='ocrx_word' id='word_1_303' title='bbox 146 4105 257 4168; x_wconf 74' lang='lat' dir='ltr'><strong>arua.</strong></span> <span class='ocrx_word' id='word_1_304' title='bbox 271 4129 307 4169; x_wconf 76' lang='lat' dir='ltr'><strong>u.</strong></span> <span class='ocrx_word' id='word_1_305' title='bbox 323 4127 406 4168; x_wconf 87' lang='grc'><strong>0000.</strong></span> <span class='ocrx_word' id='word_1_306' title='bbox 420 4127 509 4175; x_wconf 78' lang='lat' dir='ltr'><strong>nux.</strong></span> <span class='ocrx_word' id='word_1_307' title='bbox 521 4109 704 4190; x_wconf 87' lang='lat' dir='ltr'><strong>Registrum.</strong></span> <span class='ocrx_word' id='word_1_308' title='bbox 715 4133 729 4165; x_wconf 77' lang='lat' dir='ltr'><strong>a</strong></span> <span class='ocrx_word' id='word_1_309' title='bbox 743 4107 834 4169; x_wconf 86' lang='lat' dir='ltr'><strong>Char.</strong></span> <span class='ocrx_word' id='word_1_310' title='bbox 850 4110 939 4169; x_wconf 86' lang='lat' dir='ltr'><strong>Rom.</strong></span> <span class='ocrx_word' id='word_1_311' title='bbox 953 4125 1026 4168; x_wconf 90' lang='lat' dir='ltr'><strong>cum</strong></span> <span class='ocrx_word' id='word_1_312' title='bbox 1038 4109 1117 4191; x_wconf 85' lang='lat' dir='ltr'><strong>sign.</strong></span> <span class='ocrx_word' id='word_1_313' title='bbox 1131 4102 1187 4168; x_wconf 83' lang='lat' dir='ltr'><strong>fol.</strong></span> 
     </span>
    </p>
   </div>
   <div class='ocr_carea' id='block_1_5' title="bbox 145 4203 1195 4290">
    <p class='ocr_par' dir='ltr' id='par_1_9' title="bbox 145 4203 1195 4290">
     <span class='ocr_line' id='line_1_38' title="bbox 145 4203 1195 4290; baseline 0.009 -26"><span class='ocrx_word' id='word_1_314' title='bbox 145 4205 216 4266; x_wconf 85' lang='lat' dir='ltr'><strong>min.</strong></span> <span class='ocrx_word' id='word_1_315' title='bbox 231 4226 253 4266; x_wconf 89' lang='lat' dir='ltr'><strong>s.</strong></span> <span class='ocrx_word' id='word_1_316' title='bbox 266 4205 288 4266; x_wconf 94' lang='lat' dir='ltr'><strong>l.</strong></span> <span class='ocrx_word' id='word_1_317' title='bbox 300 4217 331 4267; x_wconf 88' lang='lat' dir='ltr'><strong>et</strong></span> <span class='ocrx_word' id='word_1_318' title='bbox 342 4217 463 4290; x_wconf 73' lang='lat' dir='ltr'><strong>typogr.</strong></span> <span class='ocrx_word' id='word_1_319' title='bbox 478 4207 649 4286; x_wconf 80' lang='lat' dir='ltr'><strong>mentione.</strong></span> <span class='ocrx_word' id='word_1_320' title='bbox 664 4236 696 4255; x_wconf 63' lang='grc' dir='ltr'><strong>-ι</strong></span> <span class='ocrx_word' id='word_1_321' title='bbox 713 4207 831 4270; x_wconf 83' lang='lat' dir='ltr'><strong>Panaer</strong></span> <span class='ocrx_word' id='word_1_322' title='bbox 843 4209 877 4268; x_wconf 88' lang='lat' dir='ltr'><strong>T.</strong></span> <span class='ocrx_word' id='word_1_323' title='bbox 895 4209 952 4283; x_wconf 90' lang='lat' dir='ltr'><strong>IV,</strong></span> <span class='ocrx_word' id='word_1_324' title='bbox 969 4229 1000 4289; x_wconf 76' lang='lat' dir='ltr'><strong>p.</strong></span> <span class='ocrx_word' id='word_1_325' title='bbox 1014 4203 1082 4284; x_wconf 82' lang='grc'><strong>464.</strong></span> <span class='ocrx_word' id='word_1_326' title='bbox 1193 4213 1195 4216; x_wconf 78' lang='grc'><strong>’</strong></span> 
     </span>
    </p>
   </div>
   <div class='ocr_carea' id='block_1_6' title="bbox 0 0 1602 5134">
    <p class='ocr_par' dir='ltr' id='par_1_10' title="bbox 0 0 1602 5134">
     <span class='ocr_line' id='line_1_39' title="bbox 0 0 1602 5134; baseline 0 0"><span class='ocrx_word' id='word_1_327' title='bbox 0 0 1602 5134; x_wconf 95' lang='lat' dir='ltr'><strong> </strong></span> 
     </span>
    </p>
   </div>
  </div>
 </body>
</html>
