3040 5118
394 519 553 585 OCTAV.
580 519 840 585 sucusrus.
1074 527 1138 612 307

36 695 48 705 -
108 648 174 741 ejus
188 664 220 716 et
234 661 397 742 perpetua
410 646 549 715 felicitas
564 649 692 739 sperari
709 645 997 742 animadvertique
1015 670 1139 744 posset.

36 808 48 828 ,-
109 761 233 828 Velitris
254 761 436 852 antiquitus
451 772 538 824 tacta
552 754 594 823 de
607 758 690 826 caelo
703 773 798 849 parte
814 763 922 841 muri,
939 783 1141 852 responsum

35 955 36 958 Ἴ
107 888 170 955 est,
183 869 255 964 ejus
266 869 380 962 oppidi
391 873 498 937 civem
510 867 713 963 quandoque
726 893 841 936 rerum
856 874 1041 963 potiturum
1055 900 1061 940 :
1076 897 1143 968 qua

41 1045 49 1070 ,
107 982 221 1050 fiducia
233 982 412 1064 Veliterni,
428 998 462 1049 et
475 999 554 1050 tunc
566 985 693 1063 statim,
708 998 742 1048 et
757 1000 874 1076 postea
889 987 1031 1076 saepius‚
1046 1009 1144 1080 paene

106 1094 147 1162 ad
163 1097 299 1162 exitium
318 1098 388 1174 sui,
410 1114 487 1160 cum
510 1091 636 1186 populo
655 1099 824 1161 Romano¹
848 1093 1142 1188 belligeravcrunt.

107 1207 181 1272 Sero
203 1203 338 1271 tandem
357 1202 565 1272 documentis
585 1206 758 1296 apparuit,
778 1221 948 1273 ostentum
971 1206 1056 1276 illud
1078 1213 1144 1276 Au-

107 1318 189 1408 gusti
210 1318 395 1410 potentiam
416 1314 635 1409 portendisse.
662 1321 786 1383 Auctor
807 1334 858 1384 est
879 1317 1010 1386 Julius²
1033 1323 1146 1388 Marn-

35 1497 37 1502 ,
106 1425 198 1509 thus,
209 1442 286 1494 ante
298 1451 423 1519 paucos
434 1481 442 1510 ,
454 1451 557 1521 quam
569 1442 778 1508 nasceretur,
791 1452 942 1510 menses,
955 1428 1146 1522 prodigium

106 1541 216 1604 Romae
234 1535 380 1605 lactum³
400 1536 549 1629 publice,
574 1561 642 1631 quo
666 1536 932 1605 denunciabatur
951 1563 1064 1632 regem
1087 1565 1148 1632 po-

34 1709 38 1714 .
105 1645 203 1738 putot
222 1653 375 1716 Romano
390 1664 545 1716 naturam
562 1649 726 1740 parturire
746 1675 752 1712 :
773 1650 932 1714 Senatum
951 1652 1148 1717 exterritum

34 1739 39 1854 ζ
106 1759 272 1825 censuisse
286 1760 416 1852 nequis
430 1757 488 1824 illo
504 1779 593 1823 anno
613 1760 744 1847 genitus
763 1755 966 1824 educaretur
978 1787 986 1840 3
1000 1782 1073 1841 eos,
1090 1764 1147 1854 qui

34 1959 40 1968 .
106 1868 256 1958 gravidas
270 1893 389 1936 uxores
405 1868 585 1949 haberent,
604 1866 695 1961 quod
711 1867 754 1934 ad
769 1891 804 1935 se
818 1872 961 1963 quisque
975 1895 1070 1962 spem
1084 1887 1150 1938 tra-

106 1975 214 2060 heret,
241 2001 376 2047 curasse
397 2003 439 2046 ne
464 1976 799 2047 Senatusconsultum
826 1977 888 2045 ad⁵
915 1984 1071 2048 aeraritun
1090 1982 1148 2048 dc-

34 2074 41 2080 *
106 2089 258 2158 ferretur.
273 2089 329 2159 lnf'
339 2090 542 2183 Asclepiadis
555 2089 722 2157 Mendetis
731 2101 941 2178 θεολογουμένων
952 2091 1045 2160 libris
1056 2094 1149 2186 lego,

107 2203 228 2284 Atiam,
247 2226 354 2295 quum
371 2201 414 2268 ad
437 2200 600 2268 sollemne
619 2197 784 2291 Apollinis
808 2222 943 2267 sacrum
966 2202 1076 2272 media
1094 2228 1151 2272 no·

107 2326 155 2378 cte
169 2315 332 2396 venisset,
353 2316 461 2405 posita
483 2314 518 2378 in
538 2309 664 2403 templo
684 2309 822 2388 lectica,
843 2308 924 2376 dum
943 2327 1063 2381 ceterae
1083 2339 1152 2382 ma-

34 2413 35 2416 *
107 2435 209 2488 tronae
227 2419 431 2501 dormirent,
456 2419 683 2499 obdormisse3
704 2415 890 2484 draconem
913 2441 1053 2510 repente
1071 2425 1153 2491 irre-

33 2609 41 2647 ἰ
140 2606 227 2659 XCIV.
245 2604 605 2679 1.Belli9eraventnt.Sicde·
649 2601 1151 2674 nibilconstat.llemnatratDic,XLV‚

108 2679 190 2736 dirum
204 2703 266 2738 cum
278 2685 349 2739 MSS.
363 2683 477 2756 aliquot,
489 2701 539 2754 pro
552 2680 605 2734 bel-
652 2702 674 2751 1,
686 2683 733 2735 ubi
743 2684 776 2736 de
789 2684 960 2756 sequentibus
973 2687 1050 2736 etiam
1064 2691 1152 2742 confs-

107 2762 285 2836 tiqmveram.
649 2762 755 2815 rendus.
765 2764 904 2830 Ceterum,
918 2765 1038 2816 vitiosam
1050 2785 1107 2818 esse
1119 2766 1154 2820 le-

142 2860 165 2896 2.
177 2841 541 2904 deductionibus-libertus
551 2842 604 2892 Au·
649 2846 764 2896 ctionem
778 2844 839 2894 dum
854 2856 945 2898 celem
956 2859 1083 2900 matrone
1095 2850 1155 2900 dor-

33 2909 37 2916 ’
107 2925 185 2990 gusti,
200 2923 247 2994 qui
259 2924 412 2974 memoriam
423 2922 479 2990 ejus
491 2919 605 2992 scripsit.
649 2924 757 2986 mitent,
769 2941 849 2975 nemo
857 2942 911 2976 non
921 2922 993 2975 vidit.
1002 2926 1073 2976 Dum
1084 2930 1153 2979 enim

106 3001 144 3053 Gi.
157 3019 254 3072 supra,
265 3019 289 3053 c·
302 3017 345 3070 79.
648 3002 675 3054 b.
686 3001 704 3055 l.
717 2987 870 3057 esse'dsbet
881 3004 949 3056 Gall.
960 3007 1079 3076 pendant
1089 3027 1154 3080 que,

140 3075 605 3151 3.Factumputttc031000publico‚
651 3081 948 3154 quoddocetetmodus
957 3085 1154 3156 subjunctivus,

108 3156 176 3210 unde
186 3158 335 3230 apparebat
349 3155 383 3208 ad
397 3169 479 3208 totam
494 3157 607 3226 Rempu·
651 3174 677 3211 et
684 3159 757 3232 quod
768 3179 875 3214 causam
885 3162 1029 3232 significet,
1039 3181 1087 3217 cur
1094 3168 1155 3220 Atia

106 3235 201 3289 blicam
213 3235 366 3308 prodigium
378 3236 517 3305 pertinere.
651 3239 777 3291 lecticam
795 3244 822 3292 in
836 3241 936 3311 templo
954 3245 1083 3311 posuerit.
1097 3245 1155 3299 Nisi

141 3311 166 3381 4.
184 3311 291 3388 Populo
305 3315 431 3366 Romano.
450 3313 547 3383 recepi
562 3307 607 3362 da·
652 3319 711 3389 quit
725 3319 807 3392 igitur
819 3331 904 3370 totum
919 3337 1021 3372 comma
1035 3339 1155 3378 resecan-

108 3396 187 3446 tivum
207 3413 270 3446 cum
282 3394 414 3459 Gronov.‚
432 3395 535 3458 Burm.‚
553 3392 607 3444 Ou-
652 3393 718 3448 dum
737 3410 827 3449 censet
845 3415 905 3448 cum
923 3399 1078 3467 Torrentio‚
1093 3419 1157 3473 pro-

108 3469 242 3538 dend.‚ut
247 3473 378 3546 parturire
385 3475 417 3524 sit
422 3470 609 3544 parturientem
653 3475 745 3529 bande
761 3488 801 3528 est
817 3473 967 3528 emendatio
987 3477 1028 3529 vel
1047 3479 1157 3547 Graevii,

108 3552 243 3606 destinare.
257 3552 307 3604 Alii
319 3551 414 3626 populi
425 3551 546 3605 Romani.
559 3554 611 3602 Po·
656 3555 719 3607 dum
729 3567 817 3608 ceteroe
825 3567 951 3608 niatronoe
960 3557 1066 3608 domum
1077 3557 1157 3628 irent,

110 3645 162 3686 ttca
178 3637 206 3685 in
221 3632 264 3685 ed.
280 3635 367 3685 Burm.
382 3634 477 3686 viu'ose
492 3647 532 3685 cst
543 3653 559 3684 a
570 3652 610 3696 se,
658 3653 717 3706 qua
733 3633 836 3704 placuit
852 3632 1044 3705 Oudendorpio
1063 3649 1088 3687 et
1105 3640 1157 3688 Fa-

111 3731 158 3783 pro
170 3712 206 3764 ad
216 3732 250 3766 se.
658 3712 742 3763 bricio
753 3710 787 3763 ad
797 3713 889 3764 Dionis
901 3711 920 3762 l.
931 3730 954 3763 c.
963 3750 972 3777 ‚
982 3712 1024 3764 vel
1033 3714 1158 3783 mestit,

33 3785 34 3788 Ἴ
145 3791 169 3846 5.
189 3792 234 3846 Ad
243 3791 376 3854 crarium
392 3793 508 3846 Saturni.
521 3794 549 3844 ln
561 3791 613 3844 hoc
658 3793 734 3846 dum.
747 3832 752 3841 .
764 3831 770 3841 .
784 3793 913 3858 venirent,
926 3791 967 3844 vel
979 3795 1159 3866 convenirent,

112 3884 171 3924 ante
188 3891 268 3945 quam
280 3871 513 3926 Senatusconsulta
530 3869 613 3942 depo·
660 3891 717 3941 quta
730 3889 795 3924 sane
809 3870 1018 3941 precedentibus
1031 3869 1120 3944 potitii
1132 3878 1160 3930 in

112 3953 161 4004 sita
174 3965 280 4022 essent,
294 3971 347 4004 non
362 3951 494 4005 valebunt.
659 3949 757 4021 templo
783 3949 872 4000 lectica
898 3950 997 4020 optime
1018 3958 1161 4025 convenit,

147 4030 172 4084 6.
192 4031 228 4084 ln
240 4030 401 4104 Asclepiadis
411 4029 553 4094 Mendetis,
564 4043 613 4082 etc.
659 4027 766 4081 laudata
777 4029 854 4079 etiam
867 4047 881 4080 a
892 4027 1001 4082 Wolfio.
1016 4029 1088 4086 Alius
1101 4053 1163 4088 con.

113 4109 151 4163 De
161 4109 216 4164 boc
228 4109 381 4185 Asclepiade
392 4112 513 4184 AEgyptio
527 4109 616 4179 (Meu-
658 4111 790 4178 jecturus‚
810 4110 832 4159 si
850 4110 917 4161 tanti
936 4122 992 4176 est,
1011 4111 1072 4184 vide
1092 4117 1163 4187 apud

114 4187 156 4244 des
165 4195 236 4244 enim
247 4209 352 4244 sucino
362 4189 499 4246 Mendesio
507 4188 617 4258 dicitur)
662 4193 847 4244 Burmannum.

953 4297 1007 4340 20.
