3122 5134
483 548 603 613 novt
628 545 874 613 EDlTORlS.
1188 569 1208 613 v

145 688 389 790 lectionem,
417 694 489 798 qui
521 710 568 767 ut
594 693 638 767 in
664 691 832 767 Caesaris
857 709 897 766 et
925 689 1097 797 Augusti
1127 695 1210 770 vita

146 833 380 932 abundant,
389 837 445 912 ita
460 863 553 913 mox
560 835 707 912 sensim
717 832 1209 939 sensimquedecrescunt,

142 997 184 1056 ct
205 979 376 1056 tandem
392 982 435 1055 in
453 1006 537 1057 uno
553 979 638 1055 fere
655 979 805 1074 Dione,
826 1005 954 1084 eoque
977 1005 1030 1056 ne
1052 983 1210 1087 integro

144 1120 338 1226 «pridem,
352 1119 545 1198 residunt.
558 1120 640 1197 Nos
653 1147 700 1196 ex
713 1118 776 1196 his
789 1116 912 1216 locos,
931 1123 1002 1225 qui
1016 1122 1210 1201 Suetonio

141 1262 300 1366 gemini
321 1259 437 1339 nobis
459 1262 533 1337 visi
552 1279 663 1357 sunt,
684 1261 738 1336 ita
762 1257 978 1366 diligenter
997 1267 1211 1352 annotavi·

44 1480 46 1486 .
144 1407 370 1502 mus,utin
379 1405 613 1482 auctoribus
623 1405 911 1509 ipsisconquiri
924 1401 1038 1483 nullo
1049 1410 1209 1513 negotio

144 1549 544 1652 possent.Poetarum
555 1565 737 1626 veterum
746 1547 983 1652 fragmenta,
993 1568 1208 1654 cognatum

142 1713 434 1800 argumentum
449 1697 678 1791 tractantia,
694 1695 823 1770 rarius
836 1691 1114 1792 adhibuimus,
1132 1699 1208 1773 nisi

144 1838 214 1914 ubi
230 1838 284 1915 ad
303 1864 435 1915 mores
449 1832 584 1914 saeculi
598 1834 857 1914 illustrandos
873 1837 1068 1935 facerent,
1091 1872 1108 1911 a
1120 1868 1209 1945 par-

149 1981 268 2076 atim,
287 1977 402 2085 quod
417 1980 584 2055 omnino
594 1977 717 2085 hujus
732 1980 827 2055 artis
837 1999 913 2077 est,
927 2006 1074 2085 augere
1089 2008 1152 2058 res
1167 2001 1207 2057 et

148 2117 454 2226 «splendidiore
484 2116 616 2196 colore
642 2118 862 2218 adornare,
892 2123 1061 2226 partim,
1095 2123 1204 2227 quod

149 2293 167 2334 a
178 2261 359 2341 adulatio
371 2285 464 2368 erga
477 2262 714 2340 foedissimos
722 2281 914 2371 tyrannos
924 2295 959 2360 a,
968 2292 1050 2369 qua
1064 2292 1206 2342 cumu-

146 2401 211 2482 lati
231 2425 335 2484 sunt
347 2434 385 2483 v.
403 2433 441 2510 g.
456 2401 651 2482 Martialis
672 2423 712 2480 et
726 2404 894 2503 Statius,
911 2425 1071 2482 tantum
1086 2436 1204 2513 aequo

147 2547 287 2629 lectori
304 2550 510 2628 fastidium
534 2569 688 2650 movet,
713 2569 760 2626 ut
779 2578 853 2628 nos
870 2579 974 2657 saepe
997 2521 1205 2629 transscri-

146 2693 236 2776 bere
275 2700 395 2775 etiam
425 2717 466 2774 et
500 2695 651 2775 calamo
685 2717 864 2806 repetere
891 2695 1051 2806 'abjecta
1079 2699 1203 2777 verba

147 2839 350 2942 puduerit.
367 2835 600 2915 Feliciorem
630 2859 825 2944 segetem,
849 2860 888 2916 ct
909 2843 1200 2955 sententiarum

146 2985 393 3062 ornamentis
408 3001 447 3059 et
453 2983 702 3091 judiciorum
718 2987 912 3091 gravitate
930 2985 1197 3082 uberrimam,

147 3123 383 3228 praebebant
401 3127 612 3232 scriptores
627 3144 687 3204 tot
707 3123 933 3222 clarissimi,
953 3126 1103 3233 quibus
1125 3156 1200 3204 no·

139 3243 220 3340 *stra
246 3263 444 3370 {adoriatur
466 3264 616 3363 Gallia,
639 3287 766 3374 poetae
784 3269 918 3344 eximii
939 3269 1198 3364 CORNElLLE,

149 3403 322 3502 Raetus,
341 3407 573 3505 Votrnna,
596 3408 805 3505 Casurae,
825 3429 865 3485 et
889 3411 1077 3515 prosaicae
1107 3436 1199 3486 ora-

148 3552 264 3628 tionis
279 3549 399 3629 laude
413 3552 685 3656 insignes‘viri
702 3553 980 3650 MONTAIGNE,
997 3553 1198 3650 Bonum,

148 3689 373 3788 necarer,
404 3693 560 3790 Birta,
590 3693 912 3791 MoureSQmm,
944 3693 1198 3790 Massaron,

148 3831 227 3934 alii,
254 3863 432 3942 quorum
453 3836 594 3934 verba,
616 3855 663 3912 ut
689 3865 752 3915 res
770 3837 975 3944 poscebat,
997 3836 1066 3915 sed
1080 3865 1199 3944 parca

27 3947 29 3970 ἱ
149 3975 361 4056 admodum
379 3999 419 4055 et
432 3999 549 4056 cauta
570 4009 714 4078 mauu,
733 3980 998 4058 subdidimus.

194 4119 347 4219 Restat,
367 4142 413 4198 ut
430 4119 481 4198 de
505 4122 770 4221 editionibus,
785 4153 878 4240 quae
891 4145 1066 4204 nostram
1084 4147 1195 4204 ante·

147 4281 367 4362 cesserunt,
390 4263 591 4373 judicium
624 4265 817 4364 feramus,
850 4271 893 4345 in
919 4298 1002 4375 quo
1025 4264 1198 4347 libenter
