3036 5124
517 555 759 621 rinnnrns.
1098 560 1165 648 ⁴09

114 684 216 752 lando
228 680 446 778 potandoque
460 684 663 752 consumsit:
679 705 826 777 quorum
837 681 933 749 alteri
947 685 1077 777 Syriam
1090 709 1167 777 pro-

114 796 277 876 vinciam,
292 792 390 861 alteri
402 794 639 887 praesecturam
652 791 755 860 Urbis
769 791 947 860 confestim
957 791 1095 862 detulit:
1112 819 1165 864 co·

115 901 233 970 dicillis
248 927 383 998 quoque
399 899 686 998 «jucundissimos
698 917 732 969 et
742 904 896 970 omnium
907 901 1070 972 horarum
1081 909 1165 973 ami·

115 1035 198 1079 cos»
213 1013 396 1106 professus.
410 1013 535 1082 Sesti0⁵
549 1012 667 1097 Gallo,
680 1011 859 1082 libidinoso
870 1036 911 1082 ac
921 1011 1064 1108 prodigo
1076 1020 1164 1098 seni,

116 1123 196 1192 olim
212 1125 256 1192 ab
273 1133 423 1217 Augusto
443 1127 627 1216 ignominia
645 1141 776 1209 notato,
794 1141 827 1193 et
847 1150 868 1192 a
886 1149 922 1193 se
940 1141 1019 1194 ante
1039 1151 1165 1220 paucos

116 1234 298 1328 dies.apud
316 1239 474 1305 Senatum
495 1239 676 1329 increpito,
699 1259 829 1304 coenam
850 1260 889 1304 ea
904 1235 979 1328 lege
1000 1236 1163 1321 condixit,

116 1369 160 1415 ne
174 1343 256 1441 quid
270 1370 310 1413 ex
323 1343 567 1414 consuetudine
579 1348 788 1430 immutaret,
806 1361 866 1414 aut
881 1343 1046 1431 demeret,
1061 1364 1166 1443 utque

116 1454 217 1524 nudis
241 1455 364 1550 puellis
391 1457 659 1526 ministrantibus
685 1474 885 1526 coenaretur.
916 1460 1167 1549 Ignotissimum

116 1582 296 1662 qnaesturae
304 1565 520 1636 candidatum
529 1568 747 1637 nobilissimis
756 1569 964 1660 anteposuit,
977 1567 1021 1635 ob
1031 1583 1167 1661 epotam

115 1680 152 1745 iu
170 1681 341 1762 convivio,
359 1682 561 1773 propinante
579 1703 635 1763 se,
653 1677 952 1772 vini-amphoram.
970 1678 1094 1747 Asellio
1109 1682 1166 1747 Sa·

115 1788 197 1858 bino
208 1793 360 1858 sestertia
373 1789 519 1860 ducenta
531 1791 669 1860 donavit
680 1816 744 1884 pro
755 1791 904 1882 dialogo,
919 1793 955 1858 in
968 1815 1036 1886 quo
1047 1789 1166 1874 boleti,

114 1916 151 1968 et
165 1899 339 1984 ficedulae,
355 1917 539 1984 et‘ostreae,
556 1918 591 1968 et
604 1898 693 1970 turdi
708 1917 879 1969 certamen
896 1898 1083 1969 induxerat.
1101 1905 1169 1969 No-

116 2035 199 2078 vum
211 2010 357 2106 denique
370 2011 519 2080 officium
535 2013 680 2079 instituit
690 2036 711 2078 a
721 2011 970 2105 voluptatibus,
987 2013 1168 2104 praeposito

114 2124 787 2217 EquiteRomanQT.CaesonioPrisco.·
1115 2130 1118 2138 ’

112 2281 123 2288 „
163 2235 283 2312 XLlll.
309 2233 449 2301 Secessu
465 2255 545 2299 vero
562 2235 743 2325 Capreensi
757 2234 858 2300 etiam
874 2231 1060 2300 sellariam¹
1074 2243 1169 2300 e'xco-

114 2345 252 2435 gitavit,
275 2339 609 2410 sedemarcanarum
629 2339 828 2410 libidinum:
848 2345 884 2410 in
901 2367 1004 2437 quam
1017 2339 1168 2436 undique

114 2454 298 2547 conquisiti
320 2452 513 2545 puellarum
533 2468 568 2522 et
587 2451 798 2522 exoletorum
816 2475 954 2544 greges,
974 2453 1170 2519 monstrosi·

115 2588 186 2661 quc
198 2565 398 2634 concubitus
409 2581 618 2659 repertores,
632 2589 718 2661 quos
730 2567 880 2659 spintrias
893 2560 1100 2655 appellabat,
1113 2565 1170 2629 tri·

114 2675 199 2770 plici
214 2681 298 2746 serie
310 2681 469 2762 connexi,
487 2680 630 2746 invicem
643 2681 847 2746 incestarent
858 2700 894 2745 se
904 2699 1017 2744 coram
1028 2677 1118 2768 ipso,
1131 2692 1170 2743 ut

114 2807 259 2884 aspectu
277 2788 471 2859 deficientes
488 2790 645 2860 libidines
662 2794 836 2860 excitaret
851 2786 1014 2857 Cubicula
1031 2786 1170 2880 plurifa-

115 2903 204 2968 riam
217 2900 378 2996 disposita
394 2901 525 2970 tabellis
537 2927 577 2971 ac
591 2901 707 2994 sigillis
719 2900 1014 2970 lascivissimarum
1026 2900 1169 2991 pictura·

114 3037 198 3080 runi
214 3027 248 3079 et
263 3013 449 3106 figurarum
465 3013 655 3098 adornavit,
674 3011 857 3108 librisque²
876 3007 1108 3103 Elephantidis
1122 3011 1172 3074 in-

116 3126 266 3207 struxit,
297 3148 340 3192 ne
368 3127 423 3192 cni
449 3128 484 3192 in
510 3149 614 3218 opera
644 3123 775 3192 edenda
798 3120 972 3215 exemplar
998 3122 1170 3212 imperatoe

116 3232 287 3302 sobemae³
305 3232 449 3303 deesset.
465 3240 506 3304 ln
520 3235 612 3302 silvis
627 3258 764 3331 quoque
780 3257 820 3301 ac
834 3231 1030 3300 nemoribus
1046 3231 1172 3322 passim

116 3347 291 3412 venereos
305 3342 397 3412 locos
414 3360 625 3414 commentus
641 3359 709 3432 est,
728 3358 987 3438 prostantesque
1003 3365 1065 3434 per
1077 3343 1172 3406 anua

159 3546 186 3600 5.
203 3549 285 3602 Sestio
305 3547 394 3603 Gallo.
413 3551 454 3602 De
471 3550 559 3605 Sestiis
576 3569 623 3603 seu
668 3552 742 3618 trias,
753 3546 944 3623 quimuliebn'a
951 3559 978 3600 et
985 3545 1036 3598 alin
1044 3553 1175 3596 monstro·

117 3629 216 3682 Sextiis
230 3629 316 3683 Gallis
327 3630 387 3683 vide
401 3629 548 3703 Glandorp.
561 3648 623 3702 pag.
670 3649 698 3684 sa
711 3627 869 3702 corporibus
880 3623 1059 3699 patiebantur.

119 3725 193 3779 799,
204 3707 251 3761 nbi
262 3707 334 3760 bunc
347 3711 443 3761 omisit.
707 3728 731 3762 2.
751 3710 885 3779 librisque
903 3701 1101 3776 Elephantidis,
1121 3713 1172 3752 etc.

160 3789 249 3842 xult.
272 3807 293 3841 r.
308 3788 448 3842 Sellariarn
461 3789 625 3862 excoqitnvit.
670 3789 767 3844 Molles
785 3784 976 3859 Elephantidos
997 3780 1099 3834 libellos
1115 3797 1173 3831 rne-

116 3870 210 3922 Tscit.
219 3867 366 3935 Annalvl,
377 3871 626 3940 r‚·'l'uncprimum
671 3880 760 3920 morat
773 3864 888 3916 Martial.
904 3857 993 3935 Epigr
1008 3857 1132 3926 x11,43,
1147 3853 1173 3922 l

118 3951 216 4018 ignota
226 3948 423 4002 antevocabuln
434 3962 539 4019 reperta
551 3961 627 4014 sunt,
707 3946 731 3998 3.
749 3945 873 3999 Sciremoe.
884 3942 925 3992 Al.
934 3955 1025 3994 scenae.
1037 3937 1126 4003 Σχῖμι
1135 3934 1174 3986 di-

117 4027 288 4084 altariorum
299 4041 326 4081 et
336 4029 521 4100 spintriarum,
533 4047 565 4080 ex
576 4028 627 4080 foe·
672 4029 741 4079 citur
750 4024 783 4077 de
793 4022 874 4076 modo
885 4018 1036 4074 exercende
1044 4015 1175 4081 libidinis,

119 4108 208 4160 ditate
219 4108 275 4161 loci
286 4127 316 4160 ac
329 4107 470 4180 multiplici
481 4109 608 4179 patientis
616 4143 626 4170 ,,
674 4121 700 4159 et
710 4106 814 4158 venisse
826 4102 930 4154 videtur
941 4099 1054 4150 mutatio
1066 4117 1081 4150 a
1093 4095 1175 4148 libre·

121 4199 199 4239 etc-¹·
216 4187 256 4240 Cf.
272 4188 341 4254 Dio,
355 4187 452 4250 Lvrtr,
468 4204 510 4238 υ.
523 4187 585 4238 Non
599 4185 629 4236 li·
673 4186 729 4251 rio,
751 4202 831 4256 quem
851 4179 966 4234 offendit
983 4179 1114 4249 genitivus
1133 4177 1175 4228 in-

122 4264 630 4340 quet,unde‘liberiusrocaveritspin-
675 4263 811 4318 solentior.
829 4259 897 4312 Vide
920 4257 1039 4311 Ttrrneb.
1065 4255 1175 4310 Adsere.
