3036 5124
779 563 1010 633 ERNESTH

584 1023 588 1038 s
656 828 977 987 uxouusus
1010 887 1126 984 xm

602 1127 671 1200 Au
698 1127 979 1216 uiuumuu,
1005 1125 1091 1198 cn.
1122 1123 1184 1223 ³7·

366 1540 518 1632 Anime
531 1588 557 1630 et
567 1577 619 1630 vim
630 1596 779 1652 momenque
789 1575 928 1650 otylontm.
940 1575 1021 1650 Quod
1029 1575 1135 1648 dicunt,
1146 1577 1312 1632 Suetonium
1321 1597 1422 1646 crate,

368 1661 414 1732 qui
430 1658 529 1711 abolita
545 1655 616 1732 asylo
634 1660 723 1710 omnia
740 1655 843 1726 trudat,
858 1677 940 1730 quum
953 1660 1060 1714 Tacitus
1079 1661 1148 1712 Auo.
1170 1661 1222 1728 111,
1240 1659 1300 1728 60,
1314 1660 1422 1715 modun

367 1751 471 1792 tentum
486 1737 667 1814 proscriptum
681 1734 792 1804 doceat,
804 1735 876 1790 haud
890 1737 971 1792 dubie
984 1757 1016 1792 ex
1027 1739 1091 1792 sctis
1105 1737 1239 1810 publicis;
1254 1740 1286 1792 iu
1300 1759 1334 1796 eo
1349 1739 1422 1794 alitur

367 1818 463 1874 sentio.
479 1815 623 1890 Quomodo
638 1815 709 1870 euim
721 1817 809 1890 potuit
823 1815 981 1884 Suetonius,
996 1830 1049 1870 tam
1065 1815 1175 1888 diligens
1187 1819 1324 1891 scriptor,
1337 1836 1421 1874 unte

366 1902 394 1952 in
407 1920 434 1954 rc
448 1921 496 1970 eu,
512 1919 589 1974 quam
603 1919 658 1954 uon
670 1900 774 1964 minus,
788 1918 867 1974 quam
877 1899 1002 1966 Tacitus,
1013 1912 1104 1972 posset
1116 1917 1148 1950 ex
1163 1900 1230 1950 sctis
1242 1917 1421 1972 cognoscere,

367 1981 412 2054 qui
426 1981 504 2032 etiem
513 1982 634 2034 Tacitum
647 1980 674 2032 iu
690 1977 811 2032 manibus
826 1975 946 2032 baberet.
960 1981 1048 2052 Atque
1062 1979 1084 2030 si
1097 1975 1224 2032 alteruter
1238 1983 1356 2048 errem,
1367 1998 1421 2052 qne

367 2072 408 2112 est
428 2079 538 2125 caussa,
556 2078 640 2132 qusre
659 2058 802 2114 Suetonius
823 2061 913 2130 potius
938 2077 1057 2124 measse,
1078 2059 1186 2112 Tacitus
1209 2062 1319 2132 potius,
1345 2079 1421 2132 qua

366 2135 523 2206 Suetonius,
540 2153 599 2190 ncta
615 2137 779 2192 cousuluisse
797 2138 919 2192 dicatur?
933 2137 984 2192 Sed
996 2139 1050 2190 Viri
1063 2135 1211 2191 doctissimi
1224 2157 1283 2192 uon
1297 2143 1362 2192 satis
1381 2152 1420 2192 at·

366 2218 509 2272 teuderunt
521 2217 555 2273 ad
568 2219 723 2273 bunuorum
736 2219 958 2276 cousuetudinem
968 2216 1106 2292 loquendi.
1119 2220 1237 2292 Nempe,
1252 2221 1421 2278 etiamsinon

366 2302 456 2352 omnia
469 2301 540 2373 asylo
553 2301 661 2352 omniuo
674 2299 773 2352 abolita
784 2337 792 2366 ,
804 2301 841 2352 itu
855 2312 943 2354 tameo
952 2301 997 2368 jus
1010 2295 1077 2350 illud
1091 2299 1257 2365 coercitum,
1275 2300 1315 2354 its
1330 2299 1368 2351 ad
1381 2317 1418 2352 res

365 2373 467 2452 pouces
480 2383 643 2448 restrictum,
656 2382 688 2434 iis
700 2379 814 2452 donique
830 2377 1029 2432 conditionibus
1046 2375 1219 2444 adstrictum,
1231 2391 1262 2430 ut
1274 2397 1358 2430 uem
1371 2379 1420 2432 lut

365 2458 476 2514 auderet
486 2464 530 2532 jus
544 2460 610 2514 illud
627 2479 771 2534 usurpare,
786 2459 867 2532 idque
882 2457 949 2514 adeo
963 2478 1014 2532 pro
1032 2455 1134 2512 abolito
1144 2455 1305 2512 haberetur.
1320 2459 1419 2514 Noton

367 2541 433 2612 asyli
456 2543 536 2614 igitur
559 2542 679 2596 relictum
702 2554 758 2594 erat
779 2539 900 2612 templis,
924 2543 950 2594 ui
972 2541 1093 2604 ademto,
1115 2557 1163 2592 uec
1182 2537 1260 2594 eliud
1278 2539 1418 2596 Suetonius

366 2617 496 2674 obolitum
509 2621 590 2690 dicit,
605 2641 684 2694 quom
698 2623 751 2675 vim
763 2621 905 2692 asytorum.
925 2619 1080 2692 Exemplum
1094 2619 1257 2674 simillimum
1273 2634 1319 2674 est
1332 2623 1363 2674 in
1376 2621 1421 2674 tri·

365 2700 470 2756 bunutu
481 2702 567 2776 plebis
581 2717 676 2756 vetere.
695 2704 762 2756 Eum
775 2702 910 2756 subletum
923 2703 1004 2756 tuisse
1019 2699 1112 2754 dicuut
1124 2702 1270 2772 scriptores
1289 2717 1392 2758 veteru
1406 2719 1422 2756 t

364 2777 453 2850 Sulla,
474 2784 623 2834 restitutum
640 2780 748 2834 demum
767 2799 782 2832 a
798 2783 942 2852 Pompeio,
960 2780 1034 2854 lege,
1052 2799 1132 2852 quem
1147 2779 1317 2833 tribunitiam
1331 2782 1420 2834 (licere

363 2874 451 2912 vocat.
469 2861 550 2934 Atqui
562 2857 634 2914 Sulla
645 2859 810 2912 tribunatum
823 2862 911 2932 ipsum
926 2879 982 2914 noo
995 2860 1116 2928 sustulit,
1130 2859 1195 2926 sed,
1207 2879 1316 2912 merum
1325 2879 1420 2914 nomeu

364 2952 395 2995 ut
407 2954 489 3009 esset,
502 2943 580 3010 lecit,
599 2942 625 2996 vi
634 2940 752 3007 ademta,
769 2955 799 2994 ut
817 2940 936 3014 loquitur
953 2941 1042 2994 Livius
1061 2943 1088 2994 iu
1102 2940 1153 2992 slis
1166 2959 1195 2994 re
1210 2941 1311 3008 simili,
1328 2943 1356 3008 l,
1376 2958 1421 3011 17,

364 3019 434 3088 sive,
448 3021 536 3094 imopo
550 3022 605 3074 sine
617 3041 657 3088 re,
673 3033 704 3074 ut
717 3019 833 3076 Velleius
845 3021 878 3074 de
891 3021 941 3076 hoc
954 3040 983 3073 re
998 3021 1075 3089 dicit,
1087 3021 1124 3086 ll,
1141 3020 1184 3074 do.
1197 3021 1268 3074 Nam
1288 3041 1352 3074 eum
1365 3039 1421 3074 mo-

366 3095 431 3152 dum
445 3103 583 3172 potestatis
597 3101 739 3154 tribunitio
753 3103 830 3168 lecit,
842 3103 880 3154 ita
896 3103 922 3156 iu
942 3103 1035 3172 paucis
1049 3100 1128 3152 rebus
1144 3099 1333 3154 intercedendi
1348 3115 1421 3172 poto·

364 3191 458 3253 statem
470 3180 594 3234 Tribunis
603 3181 726 3254 reliquit,
744 3195 772 3234 ut
782 3184 824 3238 rix
837 3181 966 3236 auderent
985 3180 1097 3236 Tribuni
1111 3181 1198 3254 plebis
1213 3182 1385 3238 intercedens
1393 3183 1421 3236 itt

364 3259 419 3316 uta
429 3281 474 3326 re,
486 3280 519 3314 uo
531 3275 624 3319 contra
639 3261 724 3334 legem
735 3261 884 3319 Cornelium
895 3267 1091 3332 intercessisse,
1100 3265 1179 3318 etism
1189 3281 1238 3337 per
1248 3263 1421 3328 calumniam,

365 3354 552 3409 arguerentur,
566 3355 596 3394 nt
608 3341 705 3410 ⁴,recidit
717 3344 825 3413 Opimio
840 3343 911 3415 apud
924 3344 1098 3412 Ciceronem,
1112 3347 1188 3397 Verr.
1200 3345 1229 3411 1,
1245 3356 1314 3398 extr.
1330 3345 1421 3415 luque

365 3416 470 3476 sublate
483 3422 521 3472 ris
536 3434 562 3472 et
579 3439 636 3478 mos
651 3421 792 3476 tribunitiae
808 3423 948 3496 potestatis
965 3441 1025 3479 rere
1042 3421 1096 3474 dici
1108 3435 1230 3493 poteret,
1243 3423 1296 3476 etsi
1311 3420 1421 3474 tribuni

363 3494 450 3568 plebis
463 3512 550 3552 essent
562 3503 677 3554 nomine.
688 3499 816 3554 Similiter
830 3522 911 3574 ergo,
925 3521 1006 3574 quum
1019 3498 1151 3574 ssplorum
1164 3500 1360 3556 nonnullorum
1372 3518 1421 3554 uo·

364 3593 426 3627 meu
441 3591 605 3649 superesset,
620 3593 861 3652 usurpareturque,
881 3595 970 3636 tamen
988 3594 1059 3633 recte
1076 3598 1091 3632 s
1109 3580 1238 3633 Suetonio
1259 3579 1316 3632 dici
1333 3579 1420 3652 potuit

364 3653 504 3723 Tiberius,
523 3657 576 3708 vim
593 3659 732 3728 pristinum
745 3660 894 3734 seylorum,
909 3675 935 3713 et
953 3679 1051 3713 morem
1061 3723 1062 3728 ¹
1066 3662 1133 3731 juris
1151 3661 1288 3732 asylorum
1305 3662 1333 3711 in
1353 3677 1418 3731 qne-

365 3752 470 3807 cuuque
491 3755 519 3789 re
542 3738 690 3809 usurpandi
714 3739 870 3793 abolevisse.
896 3739 969 3794 Idem
994 3741 1086 3792 statuit
1111 3739 1330 3812 Oudendorpius.
1356 3741 1417 3791 ltu.

364 3813 467 3889 Nempe
492 3816 557 3870 nihil
577 3832 679 3890 pugnet
698 3819 841 3874 Suetonius
858 3838 919 3874 cum
937 3823 1049 3886 Tsoito,
1074 3822 1096 3873 ri
1113 3820 1188 3892 apud
1205 3821 1283 3874 illum
1301 3820 1418 3891 legemus

365 3895 435 3963 vim,
449 3895 523 3967 qnod
537 3896 613 3949 multi
626 3910 653 3951 et
666 3898 773 3971 probati
792 3897 872 3952 codd.
891 3898 1008 3952 hebent:
1026 3915 1102 3952 secus
1120 3911 1174 3966 est,
1193 3901 1216 3952 ri
1229 3901 1344 3952 retinen
1359 3901 1415 3970 jeu,

366 3973 440 4044 quod
452 3973 486 4028 nb
500 3976 623 4031 Ernestio
641 3979 668 4029 in
681 3990 792 4052 utreque
804 3979 920 4033 editione
938 3967 1060 4031 relictuiu
1072 3992 1144 4048 ortt,
1158 3980 1209 4033 etsi
1224 3979 1254 4032 in
1271 3977 1352 4050 liujus
1365 3977 1414 4030 Et·

368 4073 459 4110 ouisus
474 4056 552 4110 titulo
566 4076 656 4112 verum
670 4056 812 4112 lectionem
826 4072 933 4113 secutus
945 4071 992 4113 est.
1009 4059 1101 4112 Wotr.
