3036 5124
490 571 728 640 TIBERIUS.
1066 573 1133 656 423

88 705 130 775 ad
147 720 291 773 seruam
306 705 465 796 Augusti,
482 699 641 775 modoad
655 703 820 770 exercitus
835 702 1017 794 confugere
1027 701 1134 786 velle,

87 813 320 884 Pandateriam
334 812 514 905 relegavit3
536 815 802 906 conviciantique
819 812 958 881 oculum
974 837 1037 907 per
1048 818 1135 882 Gen-

89 928 256 994 tnrionem
266 923 464 992 verberibus
478 924 633 991 excussit.
650 927 780 992 Rursus
792 924 895 992 mori⁵
911 923 1022 991 inedia
1033 920 1135 993 desti-

89 1038 198 1118 nanti,
216 1057 278 1126 per
291 1035 361 1102 vim
373 1056 431 1100 ore
445 1030 601 1115 diducto,
618 1031 763 1101 infulciri
775 1033 888 1102 cibum
898 1033 1009 1127 jussit.
1024 1033 1088 1104 Sed
1102 1052 1135 1103 et

89 1159 378 1240 perseverantem,
390 1158 491 1238 atque
504 1145 550 1210 ita
561 1141 768 1228 absummm,
780 1145 1074 1214 criminosissime⁶
1087 1148 1137 1212 in-

91 1271 234 1326 sectatus
249 1271 317 1338 est,
334 1277 440 1350 quum
452 1253 543 1322 diem
554 1276 689 1350 quoque
701 1253 848 1323 natalem
860 1251 932 1347 ejus
944 1259 1032 1323 iuter
1043 1257 1135 1324 neh·

91 1382 159 1434 stos
170 1363 384 1432 referendum
396 1366 567 1432 suasisset.
581 1365 764 1457 Imputavit
774 1367 890 1446 etiem,
904 1365 995 1460 quod
1006 1389 1077 1434 non
1088 1366 1136 1434 le-

92 1501 179 1570 queo
201 1475 442 1570 strangulatam
463 1478 498 1544 in
520 1479 700 1544 Gemonias
722 1473 902 1569 abjecerit:
926 1501 1059 1573 proque
1079 1478 1138 1547 teli

91 1585 267 1654 clementia
280 1587 447 1678 interponi
461 1585 635 1656 decretum
651 1609 771 1681 passus
783 1604 851 1672 est,
867 1611 936 1682 quo
950 1588 1011 1658 sibi
1024 1593 1138 1680 gratie

92 1715 282 1792 agerentur,
299 1713 333 1764 et
345 1698 533 1791 Capitolino
547 1701 565 1766 J
569 1701 623 1765 ovi
639 1697 767 1765 donum
781 1723 822 1766 ex
838 1721 922 1765 euro
937 1714 1136 1766 sacraretur.

114 1869 116 1874 .
136 1815 222 1878 LIV.
247 1816 360 1897 Quum
378 1813 420 1879 ex
438 1814 637 1880 Germanico
656 1825 724 1878 tres
743 1826 899 1904 nepotes,
919 1816 1087 1878 Neronem
1106 1827 1140 1879 et

92 1927 239 1992 Drusum
251 1927 429 2008 etCaium‚
448 1948 489 1990 ex
504 1927 616 1992 Druso
634 1945 759 2007 unum,
774 1921 962 2005 Tiberium,
979 1919 1139 2008 haberet,

92 2035 272 2106 destitutus
282 2054 411 2106 morte²
423 2035 623 2120 liberorum,
633 2033 939 2106 meximosnetude
949 2037 1139 2104 Germanici

93 2146 184 2231 filiis,
195 2147 383 2218 Neronem³
394 2165 428 2218 et
436 2153 583 2218 Drusum
594 2202 602 2231 ,
615 2148 968 2218 recommendavit:
982 2146 1139 2242 diemque

127 2373 153 2425 5.
170 2374 244 2426 stou
257 2373 344 2426 brodia
359 2373 500 2427 destinanti
506 2395 516 2436 ς
530 2391 591 2426 ann.
638 2391 701 2438 nos,
715 2371 814 2424 donam
830 2373 890 2424 Jovi
907 2383 1066 2424 temeretur.
1078 2395 1090 2419 ι
1105 2401 1141 2413 -

94 2451 153 2522 786.
167 2453 254 2504 Tacit.
262 2451 360 2504 Annei.
369 2453 419 2518 Vi,
429 2451 479 2519 25,
493 2455 594 2505 «luter-
638 2451 678 2504 De
695 2451 889 2520 significatione
901 2448 975 2502 verbi
995 2449 1142 2522 imputare,

93 2533 162 2583 fecto
170 2530 277 2599 sejano,
285 2547 333 2600 spe
341 2543 528 2597 sustentatam,
536 2551 595 2602 pro·
639 2529 784 2602 querelor,
797 2529 862 2582 velle
872 2528 973 2600 aliquid
983 2547 1032 2599 pro
1042 2528 1142 2582 benefl-

93 2613 184 2664 vixisse
196 2627 271 2676 reor,
282 2621 324 2675 et,
333 2623 476 2681 postquam
485 2609 551 2662 nibil
561 2610 594 2664 de
639 2615 681 2664 oio
692 2610 786 2664 baberi
800 2610 901 2682 sibique
913 2627 945 2662 eo
958 2610 1067 2661 nomine
1081 2627 1142 2680 gro-

94 2691 189 2742 mitia
202 2688 398 2756 remittebatur,
411 2689 595 2742 voluntateex·
639 2691 702 2743 tium
719 2687 826 2754 deberi,
842 2688 900 2740 vide
916 2701 1012 2759 preter
1025 2688 1139 2742 Casaub.

93 2770 594 2842 runcum5nisisi,neyatisattmmris,
639 2769 673 2822 sd
695 2768 769 2820 bunc
791 2767 881 2818 locunt
905 2765 1064 2818 Freinshem.
1085 2765 1140 2820 ind.

93 2847 257 2904 assimulatus
268 2846 395 2922 estfirtis,
410 2852 456 2922 qui
467 2851 597 2902 videretur
638 2847 724 2907 Flori3
735 2844 836 2899 Duker.
846 2843 881 2895 sd
889 2841 961 2896 Flor.
970 2846 1020 2910 tr,
1034 2859 1062 2894 ra
1072 2881 1081 2910 ,
1092 2844 1142 2907 62,

93 2942 182 3001 sponte
194 2942 323 2982 mortus.»
639 2925 768 2979 Scbeffer.
781 2923 815 2978 sd
827 2923 929 2976 rheu.
940 2923 968 2990 1,
981 2939 1030 2988 aa,
1043 2925 1076 2986 83
1091 2925 1143 2976 Ru-

127 3007 594 3061 6.Se‹1u...ertmtnuusimeime
639 3017 706 3074 pert.
722 3002 757 3055 ad
769 3000 889 3055 Juvenal.
904 3003 957 3054 Sat.
971 3003 1004 3066 V,
1021 3001 1060 3067 14.
1223 3051 1228 3058 ,

93 3096 234 3152 chtusest,
245 3102 297 3140 etc.
307 3088 424 3154 Tacitus,
435 3110 447 3134 ι
456 3087 595 3139 Enimvero
674 3082 740 3134 nv,
755 3099 777 3134 ι.
792 3083 852 3134 Tres
864 3090 975 3152 nepotes.
986 3080 1142 3153 VideCulig.

94 3163 215 3219 Tiberius
219 3164 367 3236 fedissimis
373 3164 597 3218 criminationibus
640 3181 700 3236 esp.
714 3179 738 3232 7.

94 3247 202 3311 uenit,
219 3243 412 3316 impudicitiam
423 3260 553 3312 arguent,
569 3257 597 3298 et
678 3260 702 3294 a.
726 3243 813 3294 Morte
835 3239 992 3302 liberorum
1014 3241 1143 3294 naturalis

94 3324 214 3378 Atinium
225 3323 332 3378 Gallum
345 3321 512 3387 adulterum,
525 3324 595 3392 ejus·
641 3322 734 3385 Drusi,
748 3319 867 3392 adoptivi
877 3319 1035 3372 Germanici.

95 3400 597 3474 qnemorteadtndinmritecompui-
672 3398 1141 3464 summetur-«omnum-

95 3500 159 3536 ιω.
176 3481 229 3536 Sed
244 3484 409 3554 Agrippina,
424 3484 493 3554 sequi
509 3484 596 3554 impe·
639 3481 780 3532 mesdavit.
800 3479 884 3530 Tacit.
903 3478 999 3530 Annei.
1018 3479 1070 3544 ΙΙΙ,
1090 3496 1141 3548 ²9²

96 3564 179 3630 tiens,
198 3563 352 3616 dominandi
368 3561 461 3629 arida,
479 3561 596 3615 virilibus
644 3559 715 3610 -rer
725 3556 796 3610 idem
809 3569 914 3628 ternpus
926 3554 1002 3626 (ann.
1015 3556 1082 3626 773)
1091 3557 1143 3608 Ne·

97 3646 164 3697 eneis
172 3645 333 3696 feminarum
342 3645 405 3696 vitis
417 3656 534 3695 exuerat.
545 3644 597 3693 Eo·
641 3655 749 3703 renem,
768 3656 782 3689 e
800 3636 890 3689 liberis
907 3637 1072 3701 Germanioi,
1087 3640 1142 3708 jam

96 3721 156 3774 dem
170 3723 216 3776 slis
231 3721 401 3790 defunctam,
422 3739 476 3793 quo
488 3722 597 3774 biennio
640 3717 788 3788 ingressum
802 3717 955 3785 juventam,
973 3713 1145 3768 commenda-

97 3815 155 3854 ante
164 3803 274 3872 Sejanus
283 3819 375 3874 poenas
384 3802 490 3866 luisset,
500 3817 598 3852 memo-
641 3797 679 3848 vit
690 3795 827 3861 Patribus,
839 3808 922 3865 utque
933 3811 1043 3846 munere
1055 3813 1145 3867 capes·

96 3881 191 3954 r‘nque
200 3879 231 3932 id
238 3879 422 3952 prodendum,
434 3877 597 3931 audiditore-
640 3873 715 3927 sendi
729 3876 929 3944 vigintiviratus
944 3874 1103 3940 solveretur,
1118 3889 1146 3928 et

96 3977 153 4022 ειη
162 3961 338 4032 juravitque,
352 3958 422 4034 quod
435 3974 489 4009 non
502 3956 597 4031 laqueo
642 3956 826 4026 quinquennio
842 3955 985 4018 maturius,
1002 3971 1082 4024 quent
1096 3973 1145 4026 per

96 4036 599 4112 memequetnumoniaepro
641 4035 894 4106 leges,qnusturam
902 4037 1143 4104 peteret,uousinc

92 4118 163 4188 jecto
169 4117 251 4187 foret.
265 4117 336 4169 Acte
349 4116 384 4168 ob
395 4114 424 4167 iti
435 4127 538 4186 pretet,
549 4112 598 4166 de·
642 4114 720 4166 irrisu
732 4111 898 4165 andieruium
910 4112 1061 4183 postulavit.
1073 4137 1085 4162 ι
1099 4116 1144 4182 lv,

98 4211 267 4269 cretumque,
282 4210 311 4248 ut
324 4197 371 4247 XV
385 4193 445 4248 ltu.
456 4193 598 4248 novembr.
642 4192 674 4260 4:
693 4195 821 4252 ulnteriru
834 4193 896 4243 unni
911 4189 995 4263 (776)
1011 4196 1144 4266 principio

99 4279 234 4350 utriusqus
244 4278 317 4331 necis
326 4275 383 4344 die,
393 4294 442 4347 per
451 4291 542 4328 omnes
551 4293 599 4326 an·
643 4275 760 4340 Drusus,
774 4291 805 4326 ex
823 4273 971 4326 Germanici
985 4270 1091 4341 liberis,
1105 4285 1145 4326 to·
