3124 5132
390 530 456 639 iot
766 555 803 616 c.
829 549 1061 618 sunrouu

387 689 465 768 mit,
479 707 581 779 quam
592 678 821 748 Mithridatico
832 678 922 748 bello
934 693 1140 772 meruerant.
1152 679 1297 746 Hostiles
1309 696 1433 762 motus,

387 781 484 862 nulla
503 809 620 887 postea
640 788 852 882 expeditione
873 807 1049 890 suscepta,
1070 812 1135 882 per
1156 789 1284 881 legatos
1307 812 1436 884 compe·

387 911 489 976 scuit:
508 929 571 975 nec
584 929 647 998 per
658 927 716 971 eos
730 902 886 998 quidem,
903 905 969 972 nisi
975 917 1178 970 cunctanter
1190 918 1225 970 et
1232 906 1435 972 necessario.

386 1024 493 1111 Reges
511 1017 651 1085 infestos
673 1031 917 1111 suspectosque
939 1014 1257 1084 comminationibus
1277 1018 1386 1108 magis
1407 1033 1438 1082 et

385 1127 550 1223 querelis,
575 1151 679 1222 quam
700 1130 751 1209 vi,
773 1129 943 1219 repressit.
966 1123 1157 1213 Quosdam,
1179 1151 1241 1219 per
1260 1125 1438 1194 blanditias

384 1256 486 1334 atque
504 1241 672 1331 promissa
690 1234 917 1304 extractos'ad
934 1260 988 1319 se,
1005 1259 1075 1303 non
1092 1237 1238 1303 remisit:
1253 1245 1310 1302 ιιῐ7
1327 1240 1439 1302 Maro-

383 1347 535 1418 boduum
557 1353 784 1431 Germanum,
806 1346 1069 1441 ⁸Rbascupolim
1088 1346 1275 1430 Thracem,
1297 1346 1440 1414 ⁹Arche-

384 1457 742 1553 laumGappadocem,
759 1455 857 1550 cujus
873 1459 974 1524 etiam
988 1480 1131 1549 regnum
1146 1460 1183 1525 in
1202 1457 1351 1525 formam
1363 1483 1441 1550 pro

384 1574 503 1640 vinoiae
517 1559 674 1662 redegit.
891 1553 894 1558 ⁵
980 1553 982 1558 ¹
1330 1568 1333 1576 '

430 1674 614 1752 xxxvtlt.
641 1685 779 1748 Biennio
790 1683 951 1780 continuo
968 1698 1045 1773 post
1059 1679 1227 1773 adeptum>
1238 1683 1439 1774 imperium,

383 1794 506 1887 pedem
520 1809 619 1886 porta
629 1815 699 1859 non
712 1789 848 1887 extulit:
862 1792 1018 1884 sequenti
1028 1808 1198 1884 tempore,
1210 1806 1440 1888 praeterquam

385 1909 418 1973 in
433 1908 626 1999 propinqua
640 1901 783 1996 oppida,
803 1918 837 1969 et
850 1926 958 1997 quum
973 1901 1187 1993 longissime,
1205 1903 1305 1969 Antio
1321 1919 1439 1985 tenus,

383 2041 553 2112 nusquam
566 2014 690 2082 abfuit:
706 2012 810 2109 idque
823 2036 963 2107 perraro
973 2029 1007 2080 et
1019 2035 1145 2106 paucos
1157 2010 1247 2096 dies,
1263 2019 1439 2108 quamvis,

383 2130 573 2221 provincias
589 2149 726 2221 quoque
746 2142 779 2192 et
794 2128 961 2193 exercitus
978 2127 1166 2192 revisurum
1181 2149 1236 2204 se,
1253 2147 1346 2218 saepe
1364 2151 1438 2218 pro·

384 2241 596 2334 nunciasset,
616 2253 651 2303 et
665 2261 773 2330 prope
791 2240 972 2332 quotannis
991 2236 1250 2329 profectionem*
1267 2260 1440 2330 praepera-

384 2367 454 2431 ret,
466 2346 632 2417 xvehiculis
644 2347 914 2440 comprehensis,
927 2346 1169 2416 commeatibus
1182 2369 1243 2438 per
1254 2350 1439 2440 municipia

385 2605 414 2658 ld
425 2605 522 2659 addere
531 2623 586 2656 non
597 2603 740 2668 attinebat,
753 2621 835 2675 quum
843 2603 889 2656 Ti·
933 2603 999 2656 bric.
1013 2601 1047 2655 ad
1058 2603 1137 2655 Dion.
1150 2600 1256 2667 XLVII,
1271 2603 1319 2668 25,
1333 2617 1361 2654 et
1372 2621 1438 2675 quos

384 2683 474 2738 ber-ius
484 2686 575 2736 omnia
585 2682 620 2736 ad
632 2685 758 2736 Senatum
768 2683 888 2735 referret.
933 2683 978 2734 ille
988 2681 1094 2734 laudat.
1114 2681 1204 2749 Quum
1224 2683 1335 2736 fratrem
1352 2681 1439 2753 Cotyn

384 2765 515 2829 Est,'foti
521 2764 707 2836 Cyzicenorum
715 2761 889 2824 civitati,non
934 2761 1124 2825 interfecisset,
1138 2777 1187 2830 per
1200 2757 1294 2810 dolum
1310 2779 1327 2811 a
1340 2757 1438 2811 Roma·

386 2841 495 2914 singulis
505 2839 665 2913 quibusdam
675 2837 889 2910 civibus,illipu-
935 2841 975 2891 nis
992 2853 1087 2912 captur
1100 2840 1182 2908 inque
1199 2837 1301 2891 Urbem
1319 2851 1438 2903 metus,

384 2922 498 2988 blicam,
508 2940 563 2974 non
575 2921 617 2974 his
627 2923 772 2993 privatam,
784 2911 891 2972 liberta·
934 2933 1030 2991 postea
1036 2917 1223 2971 Alexandriam
1232 2917 1359 2970 derectus
1366 2933 1393 2971 et
1402 2917 1439 2970 ibi

385 3016 439 3054 tem
454 3001 561 3053 ademit.
576 2999 679 3052 Muller.
694 3012 796 3052 mutata
810 3002 891 3052 inter-
935 3001 1091 3052 interemtus
1098 3012 1150 3050 eat:
1160 3015 1221 3049 ann·
1231 2997 1365 3068 772;vide
1372 2995 1436 3049 vell.

385 3082 545 3152 punctione,
554 3077 697 3146 suadebat,
705 3078 888 3151 ausispublice.
934 3082 971 3148 ll,
984 3097 1045 3150 ¹²9³
1057 3080 1143 3130 Tacit.
1155 3082 1225 3129 Ann.
1236 3079 1273 3144 11,
1285 3076 1319 3142 fif
1328 3077 1402 3147 -67.

384 3163 419 3213 At
426 3160 568 3212 verborum
576 3158 643 3210 ortlo
651 3161 688 3210 ita
697 3161 783 3210 minus
790 3158 887 3230 placet.
969 3177 994 3228 9.
1010 3156 1270 3210 Archelaum.'llunc
1283 3170 1438 3208 accusatu·

421 3255 446 3308 7.
466 3237 668 3288 Maroboduum.
684 3237 888 3288 Marcomanno·
934 3239 1013 3289 esuis
1022 3234 1144 3288 'liberius
1153 3236 1257 3306 juvenis
1267 3232 1435 3287 defenderat:

382 3337 444 3372 rum
454 3335 499 3370 rex
511 3317 578 3382 fuit,
591 3318 636 3386 qui
648 3333 681 3367 eo
695 3315 764 3368 duce
777 3315 889 3367 Boiohe·
933 3315 994 3368 vide
1006 3333 1101 3386 supra,
1117 3331 1141 3365 c.
1155 3315 1180 3367 8.
1198 3313 1287 3380 Quum
1302 3315 1437 3387 quinqua-

385 3417 457 3451 mum
476 3407 653 3466 occuparunt.
671 3395 734 3466 Ejus
752 3397 889 3465 ingenium
933 3397 1062 3465 gesimam
1077 3391 1360 3465 annum'Ceppatlocia
1371 3395 1440 3466 poti·

383 3477 509 3533 describit
517 3475 611 3528 Vellei.
625 3475 836 3543 11,1os.victut
848 3488 889 3528 ert
933 3485 1016 3538 retur,
1032 3473 1131 3524 invisus
1145 3471 1271 3538 Tiberio,
1285 3471 1363 3546 quod
1377 3492 1438 3525 eum

384 3579 447 3614 ann.
461 3575 513 3630 770
524 3556 558 3609 ab
568 3556 701 3618 drutiniot
714 3557 777 3608 Tac.
790 3555 887 3608 Annei.
933 3552 1021 3605 Rhodi
1030 3566 1153 3624 agentem
1162 3553 1237 3604 nullo
1247 3551 1337 3606 officio
1346 3553 1440 3606 colnis
1460 3559 1464 3569 '

382 3642 421 3706 ll,
436 3638 486 3706 463
505 3651 531 3688 et
547 3653 610 3688 ann.
629 3652 699 3706 772,
709 3647 818 3686 tumore
835 3633 887 3686 Ca·
933 3646 990 3699 set,
1000 3651 1062 3684 ann.
1076 3647 1127 3702 770
1139 3633 1215 3685 Livia
1227 3631 1310 3684 literis
1325 3635 1439 3686 Romam

383 3718 491 3785 scalda,
507 3715 628 3770 desertus
644 3732 659 3768 a
673 3716 726 3768 suis
742 3713 777 3766 ad
789 3713 888 3766 Tiberii
933 3724 1059 3763 evocatus
1081 3723 1107 3762 et
1128 3712 1156 3761 in
1174 3709 1272 3762 Senatu
1296 3726 1439 3766 accusatus

382 3796 592 3853 misericordiam
601 3795 737 3868 profugit,
749 3813 765 3846 a
776 3812 829 3864 quo
839 3795 888 3846 Ra·
931 3791 1078 3864 periculum
1088 3789 1195 3861 quidem
1202 3792 1298 3858 erasit,
1306 3791 1355 3845 sed
1363 3811 1440 3859 mox,

297 3923 301 3932 .
381 3873 833 3946 vennoebcbituaperduoderiginti
842 3891 888 3924 au·
931 3875 1063 3925 incertum
1078 3886 1173 3944 sponte
1185 3891 1219 3924 an
1233 3873 1306 3940 fato,
1320 3873 1359 3925 ibi
1371 3895 1440 3926 mor·

382 3975 431 4009 noa
445 3953 518 4007 ltalia
532 3973 585 4006 non
598 3955 719 4006 excessit.
733 3953 817 4002 Tacit.
829 3952 886 4003 An·
932 3963 994 4002 tuus
1006 3963 1061 4016 est,
1075 3963 1100 4001 et
1112 3967 1222 4020 regnum
1233 3951 1261 4001 in
1271 3952 1439 4022 provinciam

383 4033 627 4094 nullusnest.
894 4044 899 4054 ¹
931 4027 1439 4102 redactum.Cf.'l'aeit.Annal.ll,.la;

418 4113 443 4165 8.
462 4111 661 4185 Rhascupolim.
679 4112 720 4163 De
734 4110 847 4161 maxima
859 4110 886 4160 in
931 4109 1010 4160 Dion.
1022 4109 1104 4175 LVII,
1117 4125 1157 4180 17.

381 4187 523 4244 scribendo
533 4188 586 4241 boc
595 4188 704 4241 nomine
714 4189 840 4239 varietate
849 4191 886 4239 vi·
967 4189 1110 4242 xxxviii.
1127 4205 1148 4241 1.
1160 4191 1234 4242 Et...
1245 4189 1439 4262 profectionem

382 4269 416 4321 tle
428 4282 524 4343 preter
538 4272 696 4342 interpretes
711 4267 744 4322 ad
759 4265 785 4319 b.
801 4266 817 4318 l.
832 4265 885 4324 Fa·
929 4281 1097 4340 praepararet.
1116 4271 1154 4322 lta
1171 4287 1232 4321 ann.
1249 4269 1312 4339 767,
1326 4283 1438 4325 auctore
