2982 5116
366 589 526 654 OCTAV.
552 589 811 656 AUGUSTUS.
1042 619 1104 686 ²9¹

73 745 116 787 ne
129 717 163 786 id
175 733 296 786 ’contra
309 715 524 785 commodum
538 717 678 800 laceret,
691 719 727 784 in
740 719 915 810 proximat
931 717 984 814 cuj
988 745 1112 791 uscun-

75 854 138 925 que
153 830 412 898 domesticorum
430 819 602 894 cenaculo
620 826 787 895 manebat.
808 829 859 896 Sic
872 853 1008 926 quoque
1024 853 1114 926 saepe

70 939 224 1034 indigens
236 941 361 1020 somni,
371 954 408 1006 et
418 937 501 1004 dum
517 961 578 1030 per
594 939 686 1005 vicos
702 938 948 1032 deportaretur,
961 961 994 1011 et
1011 943 1115 1039 depo-

76 1054 135 1118 sita
145 1052 280 1134 lectica,
292 1051 380 1118 inter
390 1048 519 1143 aliquas
531 1072 642 1116 moras
656 1049 918 1119 condormiebat.

119 1165 266 1230 LXXIX.
292 1165 413 1228 Forma
422 1161 486 1228 fuit
496 1162 677 1242 eximia,et
685 1185 746 1253 per
755 1184 870 1228 omnes
879 1165 985 1231 aetatis
993 1164 1116 1255 gradus

76 1275 323 1357 venustissima3
336 1296 541 1367 quamquam
554 1288 587 1339 et
596 1274 704 1340 omnis
716 1269 871 1339 lenocinii
883 1273 1073 1366 negligens,
1086 1293 1118 1344 et

75 1389 110 1452 in
121 1388 230 1477 capite
240 1383 405 1452 comendo
416 1399 486 1450 tam
496 1387 682 1452 incuriosus
691 1436 699 1462 ‚
707 1398 745 1451 ut
755 1387 877 1476 raptim
889 1385 1120 1479 compluribus

78 1495 177 1565 simul
185 1495 378 1565 tonsoribus
390 1520 528 1589 operam
538 1495 696 1578 daret,ac
708 1493 825 1564 modo¹
841 1494 1121 1586 tonderet,modo

79 1605 210 1676 raderet
220 1606 376 1690 barbam,
389 1632 496 1702 eoque
508 1611 581 1700 ipso
597 1624 748 1700 tempore
762 1625 820 1708 aut
836 1608 962 1700 legeret
975 1607 1121 1705 aliquid,

79 1735 135 1788 aut
150 1721 252 1786 etiam
267 1719 436 1788 scriberet.
451 1718 555 1786 Vultu
568 1736 652 1803 emt,
670 1717 721 1787 vel
737 1721 772 1785 in
787 1743 960 1803 sermone,
977 1719 1030 1787 vel
1045 1723 1124 1790 taci-

79 1845 149 1912 tus,
166 1827 252 1896 adeo
269 1829 451 1924 tranquillo
466 1851 670 1924 serenoque,
683 1845 722 1896 ut
738 1829 905 1924 quidamc
921 1831 1123 1922 primoribus

79 1937 264 2008 Galliarum
286 1941 459 2008 confessus
479 1943 522 2008 sit
539 1944 626 2008 inter
649 1964 745 2024 suos,
768 1964 807 2007 eo
828 1964 865 2008 se
886 1939 1066 2009 inhibitum
1086 1967 1126 2010 ac

80 2051 301 2134 remollitum,
313 2054 519 2147 quominus,
530 2068 569 2119 ut
580 2050 778 2135 destinarat,
790 2055 826 2118 in
835 2054 979 2119 transitu
989 2052 1126 2146 Alpium

81 2184 140 2254 per
153 2161 403 2230 simulationem
414 2162 572 2256 colloquii
583 2165 722 2256 propius
734 2161 917 2246 admissus,
930 2164 965 2229 in
977 2165 1128 2256 praecipi·

82 2273 164 2340 tium
177 2271 393 2365 propelleret.
405 2272 678 2342 Oculos²habuit
690 2272 797 2340 claros
809 2270 1127 2366 acnitidos,quibus
1159 2353 1161 2358 Ι

81 2384 181 2449 mam
202 2385 384 2450 existimari
401 2381 536 2450 volebat
554 2385 664 2449 inesse
685 2379 846 2478 quiddam
869 2379 973 2448 divini
988 2384 1128 2471 vigorisss

84 2491 336 2588 gaudebatque,
352 2496 380 2559 si
395 2497 470 2588 quis
485 2493 547 2559 sibi
561 2495 670 2558 acrius
684 2494 873 2573 contuenti,
895 2493 993 2584 quasi
1006 2490 1049 2557 ad
1066 2489 1130 2557 sul-

84 2627 202 2696 gorem
214 2603 312 2686 solis,
326 2603 458 2671 vultum
471 2605 710 2670 summitteret:
727 2599 786 2668 sed
797 2604 832 2667 in
845 2615 977 2667 senecta
996 2601 1130 2667 sinistro

87 2841 195 2890 corum,
208 2842 266 2898 qua
280 2826 462 2895 frequentasse
473 2843 533 2878 eum
546 2823 586 2876 le·
632 2823 690 2873 dere
701 2834 728 2874 et
739 2821 827 2874 radere
835 2819 959 2887 barbam,
973 2819 1085 2874 diximus
1097 2819 1132 2873 ad

88 2905 171 2972 &mus
184 2922 244 2976 cap.
258 2901 308 2970 53,
323 2905 409 2974 iisque
426 2917 488 2956 anto
501 2904 588 2956 lucem
632 2900 695 2954 Cas.
709 2900 753 2966 45.
1027 2968 1032 2976 Ι

90 2982 227 3038 adeundis.
235 2981 589 3054 Itanondubito,quuBur·
669 2995 693 3029 ²·
724 2975 819 3031 Oculos
842 2977 931 3030 babuit
955 2977 1054 3046 claros,
1081 2993 1131 3032 eto.

88 3063 269 3122 mannicum
278 3061 347 3115 adh.
358 3061 377 3114 l.
388 3065 533 3130 sententia,
544 3064 589 3116 Ci-
633 3057 698 3109 Plio·
713 3059 778 3110 Uist·
792 3057 854 3109 Nat.
867 3057 917 3123 XI,
928 3059 960 3111 32
970 3057 1037 3131 (54)
1048 3081 1054 3111 :
1071 3060 1133 3113 ulli·

90 3156 140 3190 cer.
153 3139 188 3191 ad
198 3139 291 3206 Quint.
303 3140 378 3194 fratr.
391 3141 430 3207 ll,
445 3139 490 3206 15,
501 3140 590 3212 legen·
633 3155 667 3189 vo
679 3137 798 3206 Augusto
811 3155 939 3208 equorum
954 3137 1035 3190 modo
1046 3139 1135 3210 glauci

89 3217 591 3293 dames30‚qci1iur‚quam⁸id0mul.
633 3217 709 3270 fuere
722 3215 838 3287 (oculi),
853 3234 985 3288 supraque
1001 3216 1135 3271 hominem

89 3309 116 3348 ta
126 3310 206 3350 nocte
216 3298 391 3371 evigilassem,
402 3307 413 3348 i·
425 3320 476 3372 pro
488 3299 590 3372 vigilas·
634 3294 773 3348 albicantis
786 3295 990 3366 magnitudinis;
1005 3315 1085 3367 quam
1099 3296 1134 3349 ob

89 3386 152 3430 sent.
167 3376 323 3449 Respondet
341 3380 411 3430 enim
422 3378 590 3451 precedens,
634 3395 742 3430 causam
761 3375 911 3447 diligentius
935 3380 1050 3448 spectari
1071 3397 1136 3445 eos,

94 3454 137 3506 -si
146 3455 249 3522 serius,
262 3473 343 3526 quam
352 3453 508 3526 voluerunt,
521 3457 591 3510 forto
634 3455 760 3508 uacunde
774 3455 883 3509 ferebat.
898 3479 910 3504 ι
931 3457 1020 3509 Aurel.
1035 3459 1136 3509 Victor.

90 3533 276 3586 urrumna-
635 3537 704 3605 Epit.
715 3537 731 3586 '1
748 3557 754 3586 t
773 3558 783 3582 ι
795 3537 855 3586 Fuit
869 3555 982 3607 corpore
1000 3549 1057 3588 toto
1073 3535 1147 3608 pul-¹

125 3611 153 3678 4.
170 3613 207 3664 ln
218 3613 339 3683 proximo
350 3617 522 3688 cnjuscunque
528 3653 591 3667 .....
634 3613 713 3681 cher,
734 3612 781 3666 sed
799 3612 882 3665 oculis
903 3615 994 3686 magis.
1016 3614 1138 3680 Quorum

92 3690 301 3754 eoenucu103hoc
309 3705 358 3758 est,
366 3691 426 3746 loco
433 3697 593 3764 proximum,
637 3694 720 3745 aciem
732 3692 937 3744 clarissimorum
951 3692 1066 3745 siderum
1081 3711 1138 3745 mo·

94 3787 146 3840 quo
159 3773 230 3823 sacri
238 3769 280 3822 vel
291 3770 372 3824 officii
385 3791 466 3826 causa
478 3773 593 3826 eundum
638 3773 674 3826 do
681 3773 796 3841 vibrans,
803 3773 1070 3844 libenteraccipiebat
1078 3771 1150 3824 cedi*

93 3861 158 3900 etat·
639 3856 673 3908 ab
700 3854 899 3908 intendentibus
924 3869 1050 3926 tanquam
1075 3855 1138 3907 solis

127 3925 246 3978 LXXIX.
268 3943 290 3979 1.
302 3927 342 3980 Ac
352 3929 429 3983 modo
441 3931 594 3984 condem...
639 3933 719 3986 radiis
736 3946 846 4005 aspectu
862 3951 919 3985 auo.
937 3933 960 3984 A
978 3934 1053 4001 cujus
1070 3934 1139 3986 faeie

95 4005 210 4058 borbum.
223 4003 290 4071 Dio,
300 4006 418 4076 XLVIII,
432 4008 481 4075 34,
493 4021 596 4076 narrat,
640 4033 722 4086 quum
739 4013 845 4085 quidam
863 4011 937 4063 miles
955 4011 1046 4064 oeulos
1065 4031 1140 4065 aver»

95 4079 209 4134 barbam
229 4100 289 4134 eum
308 4088 429 4155 posuisse
447 4106 508 4139 aun.
529 4088 596 4157 715,
641 4107 723 4160 teret,
738 4105 764 4145 et
774 4095 978 4165 interrogaretur
987 4091 1021 4144 ab
1032 4112 1078 4160 eo,
1093 4112 1141 4145 cur

95 4161 179 4215 atatis
193 4175 290 4234 quarto
308 4176 335 4216 et
350 4167 493 4233 vicesimo,
509 4166 597 4219 addit·
641 4175 678 4226 ita
690 4175 805 4242 laceret,
821 4172 975 4246 respoudit:
997 4173 1066 4240 Quia
1090 4173 1142 4227 tul-

97 4260 164 4313 que:
180 4239 222 4294 ul
237 4241 249 4292 ι’
258 4239 301 4307 μὶν
315 4241 355 4295 aei
372 4244 455 4298 isene
468 4245 597 4299 ὅτιλιιοεῖτο
642 4269 701 4303 men
717 4249 855 4303 oculorum
875 4265 983 4303 tuorum
1001 4253 1069 4305 ferre
1088 4269 1142 4304 non

96 4317 124 4373 si
136 4317 231 4388 pisctu.
243 4323 386 4390 Quomodo
401 4324 526 4378 differant
541 4339 597 4379 ton·
642 4347 781 4400 possum.»

941 4442 991 4506 19.
