3122 5134
380 549 463 595 stiur
628 526 878 598 RECENSUS
902 526 1194 594 Entrtonutu

379 654 504 737 jecturis
523 653 556 712 in
576 665 665 715 notes
681 649 816 731 rejectis:
834 652 946 714 deinde
962 665 1053 714 nous
1066 653 1124 734 ipsi
1141 653 1320 736 scripsimus
1331 651 1439 718 'breves

383 751 441 812 sub
456 764 541 812 textu
558 749 596 809 ad
615 749 818 830 intelligenda
835 748 1010 810 difficiliora
1029 752 1226 826 necessarias,
1245 751 1441 832 longioribus

382 849 645 931 disputationibus
665 848 722 909 sub
740 849 932 908 Excursuum
952 849 1078 908 nomine
1096 847 1135 908 sd
1154 849 1269 910 calcem
1287 849 1438 932 rejectis„

384 949 490 1029 Neque
498 961 604 1006 tamen
612 959 724 1021 textus,
734 947 840 1028 inquo
850 945 1021 1007 editionem
1035 947 1108 1026 1698
1118 949 1273 1028 sequitur,
1284 949 1344 1006 nisi
1353 945 1438 1028 quod

383 1049 497 1130 passim
508 1046 756 1106 Burmannianas
768 1044 996 1106 emendationes
1010 1048 1172 1128 receperit,
1186 1067 1221 1106 ea
1233 1067 1295 1128 qua
1311 1044 1441 1107 decebat

383 1144 544 1226 diligentia
552 1144 730 1225 exscriptum
740 1142 823 1223 quod
832 1164 998 1203 commune
1005 1142 1068 1204 fere
1076 1146 1188 1227 vitium
1198 1159 1242 1204 est
1251 1145 1438 1218 editionum,

383 1243 417 1302 in
428 1242 542 1322 quibus
552 1240 740 1321 corrigendis
749 1239 851 1298 aliena
862 1261 973 1298 manus
984 1238 1158 1301 adhibetur.
1169 1243 1255 1302 Notas
1266 1261 1365 1322 neque
1377 1261 1440 1323 pen·

384 1357 497 1425 petuas,
511 1359 613 1420 neque
629 1358 687 1419 pro
705 1337 764 1396 viri
780 1337 910 1397 nomine
921 1337 1054 1417 graviter
1069 1339 1156 1412 satis,
1172 1338 1220 1408 rel
1232 1337 1271 1398 ad
1284 1338 1439 1398 rationem

383 1441 521 1502 criticam
532 1451 601 1519 apte
613 1437 794 1518 conscriptae
804 1435 959 1496 videntur.
1453 1501 1457 1516 .

427 1535 511 1617 ¹7⁵¹·
529 1533 619 1594 Caius
633 1533 794 1592 Suetonius
807 1531 1023 1612 Tranquillus,
1039 1553 1075 1602 ert
1091 1534 1269 1596 recensione
1284 1533 1440 1596 Francisci

383 1628 618 1712 Oudendorpii,
633 1629 687 1710 qui
701 1629 854 1688 variantes
869 1628 1032 1705 lectiones,
1049 1650 1181 1712 suasque
1195 1630 1439 1692 animadversio·

382 1749 435 1792 nes
451 1726 574 1809 adjecit3
588 1725 772 1786 intermixtis
788 1726 815 1784 J.
829 1724 867 1786 G.
881 1725 1009 1800 Graevii‚
1027 1739 1057 1785 et
1072 1727 1101 1786 J.
1114 1727 1279 1802 Gronovii,
1299 1749 1356 1788 nec
1373 1747 1439 1788 nou

381 1825 508 1886 ineditis
525 1826 593 1884 Cer.
611 1821 707 1883 Andr.
728 1823 844 1882 Dukeri
862 1823 1123 1886 adnotationibus.
1144 1827 1290 1906 Lugduni
1308 1828 1438 1888 Batavo·

382 1947 468 2000 rum,
481 1921 565 2004 apud
577 1922 657 1980 Sam.
670 1920 858 1982 Luchtmans
870 1934 901 1982 et
913 1922 1002 1982 iiiios.
1016 1943 1043 1983 α.
1054 1923 1124 1982 voll.
1139 1926 1156 1984 8
1169 1921 1242 2004 maj.
1253 1958 1291 1970 -
1301 1926 1338 1985 ln
1354 1937 1438 1986 textu

382 2021 503 2082 nullam
514 2020 709 2102 superiorum
721 2020 933 2081 recensionum
946 2033 1044 2080 totam
1057 2023 1204 2102 sequitur,
1217 2024 1384 2105 saepissime
1392 2036 1439 2082 te·

383 2139 455 2180 men
468 2119 680 2193 (irmionem,
695 2116 747 2178 sed
762 2119 818 2192 ita,
834 2131 869 2178 ut
879 2120 1015 2178 rationes
1029 2134 1192 2180 auctorum
1205 2135 1438 2184 commemoret.

380 2219 466 2300 Stepe
484 2217 621 2298 sequitur
636 2236 726 2276 suurn
742 2212 917 2296 judicium:
938 2218 969 2275 in
989 2238 1052 2298 quo
1066 2232 1096 2276 et
1111 2221 1231 2301 scriptis
1249 2219 1437 2301 quibusdam

381 2318 468 2377 libris
482 2337 553 2375 usus
565 2327 621 2390 est,
637 2327 667 2374 et
679 2313 748 2373 edd.
761 2314 913 2374 veteribus
929 2313 1088 2396 pluribus:
1101 2316 1178 2378 bene
1191 2338 1265 2380 sane
1276 2318 1316 2379 de
1330 2320 1438 2380 Sueto·

381 2414 436 2474 nio
449 2412 585 2471 meritus.

427 2507 510 2588 1755.
526 2507 559 2564 C.
573 2504 709 2565 Suetonii
722 2505 792 2564 vitae
805 2527 851 2565 xn
865 2506 1029 2569 Caesarum.
1044 2509 1140 2572 Halae.
1158 2534 1202 2573 12.

426 2604 510 2685 1761.
528 2637 567 2648 -
582 2623 627 2662 xu
645 2602 789 2679 Caesares,
802 2625 837 2664 ex
856 2607 975 2686 optima
987 2621 1079 2689 atque
1090 2613 1316 2672 accuratissima
1326 2615 1437 2674 Frenc.

380 2699 597 2779 Oudendorpii
610 2698 746 2760 editione
757 2699 886 2760 fideliter
898 2703 1036 2784 expressi.
1050 2704 1234 2789 Edinburgi.
1253 2731 1298 2771 12.

425 2797 508 2879 1762.
526 2799 687 2857 Suetonius
702 2795 948 2860 Chrestomathia
963 2801 1131 2864 illustratus
1148 2828 1165 2865 a
1181 2809 1213 2867 P.
1231 2801 1352 2870 Millero
1363 2831 1435 2870 cum

380 2894 464 2956 tabb.
477 2893 595 2975 geneal.
609 2894 758 2970 Beroiini,
771 2915 794 2954 s.
808 2897 911 2976 potius
923 2898 1036 2975 Ulmae,
1050 2903 1083 2960 in
1095 2901 1175 2964 offic.
1187 2907 1342 2986 Wagneri.
1356 2909 1385 2967 8.

424 2994 508 3075 1767.
523 2993 557 3052 C.
570 2994 732 3052 Suetonius
743 2993 857 3075 Tranq.
874 2996 971 3075 bugd.
985 3000 1049 3058 Bet.
1068 3019 1111 3058 ra.

425 3111 507 3172 ¹77¹·
524 3090 600 3148 Cum
616 3089 736 3150 Gallice
749 3093 902 3166 versione,
917 3096 997 3156 notis
1011 3109 1103 3178 utque
1115 3097 1383 3163 observationibus
1395 3100 1434 3162 de

378 3187 410 3248 la
422 3189 534 3268 Harpe.
547 3187 641 3246 Paris.
656 3207 683 3246 r.
696 3186 767 3248 voll.
781 3189 810 3248 8.

420 3319 458 3328 -
471 3304 541 3342 curn
555 3281 673 3342 Gallica
694 3286 834 3345 versione
846 3299 875 3346 et
888 3287 968 3347 obss.
981 3291 1077 3350 Henr.
1091 3291 1227 3374 Opbeiot
1238 3295 1277 3356 de
1294 3295 1325 3356 la
1337 3297 1433 3362 Panse

377 3382 502 3465 [Delisle
516 3383 554 3442 de
567 3381 669 3465 Sales].
686 3384 781 3444 Paris.
795 3382 825 3459 Δ.
839 3385 914 3446 voll.
930 3389 959 3448 8.

424 3479 507 3560 1775.
524 3481 557 3538 G.
574 3479 736 3538 Suetonius
748 3481 948 3561 Tranquillus
965 3503 1000 3544 ex
1015 3487 1191 3548 recensione
1207 3503 1236 3550 et
1247 3512 1319 3552 oum
1332 3494 1431 3554 anirn-

377 3574 617 3638 adversionibus.
636 3578 686 3636 Jo.
707 3579 783 3656 Aug.
802 3579 1057 3642 Ernesti'Editio
1077 3587 1210 3648 secunda
1229 3591 1431 3653 emendatior.

379 3677 503 3758 Lipsiae,
517 3674 667 3736 sumtibus
677 3677 802 3758 Caspari
813 3677 836 3734 F
839 3677 940 3738 ritsch.
955 3681 981 3740 8.
996 3682 1030 3740 ln
1044 3703 1106 3761 qus
1118 3684 1254 3746 editione
1263 3690 1355 3748 etium
1366 3691 1431 3750 Ou-

380 3772 542 3855 dendorpii
556 3773 636 3833 euris
649 3781 721 3834 risus
732 3788 785 3832 est.
799 3774 854 3835 Sed
872 3792 970 3837 textus
986 3778 1106 3840 laborat
1121 3784 1371 3866 interpunctione
1384 3791 1432 3848 ni·

379 3869 457 3946 mia,
477 3867 726 3950 mendorumque
748 3873 928 3950 graviorum
946 3878 1171 3957 turpitudinem
1189 3881 1329 3956 admisit3
1346 3887 1432 3946 utin

376 3988 446 4049 cap.
460 3965 720 4048 penultimovitae
735 3967 871 4030 Othonis
886 3970 999 4053 legitur
1013 3974 1076 4056 ipse
1093 3979 1284 4042 exanimatus
1304 3983 1433 4044 undeno·

379 4066 526 4148 nepesinae
545 4067 638 4126 ceratis
658 4079 801 4142 anno,.et
821 4073 1007 4152 nonaqesimo
1026 4075 1139 4156 imperii
1158 4075 1220 4151 ‹tie,·
1238 4080 1288 4159 qui
1309 4099 1431 4142 xxxvru

377 4166 471 4224 ceratis
482 4182 562 4222 anno
575 4176 604 4224 et
614 4183 740 4248 txxxxv'
750 4165 862 4246 imperii
874 4165 919 4228 dic
930 4166 1039 4230 obiisse
1051 4171 1196 4234 Suetonio
1209 4174 1330 4236 dicitur.
