3036 5124
441 551 445 572 ¹
472 549 710 614 TIBERIUS.
1048 551 1112 637 417

71 698 107 750 et
122 683 157 748 in
173 679 322 773 reliquis.
342 673 460 744 Juliae²
480 677 578 744 uxori
594 690 727 752 tantum
745 672 869 756 abfuit,
886 691 926 740 nt
942 675 1116 766 relegata,

72 789 165 886 quod
175 793 353 858 minimum
366 805 434 869 est,
450 787 551 856 officii
561 802 621 854 aut
632 785 850 854 humanitatis
860 784 987 882 aliquid
998 790 1120 881 imper·

68 907 169 984 ,tiret‚
193 917 232 970 ut
246 901 555 972 ¹euconstitutione
577 901 682 992 patris
707 920 776 965 uno
799 897 926 991 oppido
948 899 1118 982 clausam,

72 1001 175 1084 domo
196 1036 332 1109 quoque
344 1009 481 1106 egredi,
501 1028 535 1079 et
554 1012 754 1079 commercio
768 1009 944 1078 bominum
964 1012 1049 1095 frui,
1068 1037 1121 1080 ve·

70 1129 192 1194 tuerit:
205 1124 265 1193 sed
277 1139 311 1191 et
321 1123 453 1216 peculio
465 1145 625 1190 concesso
635 1147 655 1188 a
667 1137 762 1216 patre
773 1120 988 1218 praebitisque
1000 1127 1121 1191 annuis

74 1235 260 1317 fraudavit,
274 1258 336 1328 per
353 1235 501 1326 speciem
517 1230 662 1326 publici³
678 1231 779 1326 juris,
798 1233 890 1328 quod
907 1233 993 1301 nihil
1010 1231 1052 1300 de
1071 1235 1122 1303 his

75 1355 246 1440 Augustus
263 1360 464 1414 testamento
475 1347 627 1430 cavisset.
646 1349 789 1412 Matrem
804 1347 933 1412 Liviam
948 1363 1122 1436 gravatus,

76 1457 170 1526 velut
177 1472 290 1550 partes
303 1454 365 1522 sibi
377 1477 491 1548 aequas
501 1455 659 1546 potentiae
670 1450 912 1535 vindicantem,
928 1469 962 1520 et
974 1479 1125 1546 congres

78 1592 153 1661 sum
172 1565 244 1660 ejus
264 1565 438 1634 assiduum
455 1567 592 1646 vitavit,
617 1581 650 1631 et
670 1564 839 1656 longiores
861 1569 1124 1662 secretioresque

77 1704 269 1763 semones,
286 1704 330 1748 ne
344 1677 416 1772 ejus
431 1677 596 1762 consiliis,
617 1675 758 1772 quibus⁴
772 1691 885 1745 tamen
903 1677 1073 1746 interdum
1092 1698 1125 1748 et

77 1813 176 1884 egere
186 1807 219 1859 et
228 1792 281 1858 uti.
287 1781 427 1872 solebat,
437 1791 507 1880 regi
514 1787 694 1855 videretur.
704 1787 797 1856 Tulit
806 1791 906 1856 etiam
914 1788 1125 1882 perindigne,

78 1901 210 1982 actum⁵
229 1903 265 1968 iu
284 1904 425 1984 Sanam,
445 1917 483 1968 ut
501 1899 605 1968 titulis
625 1902 713 1982 suis,
734 1903 830 1994 quasi
849 1904 1009 1992 Augusti,
1028 1905 1074 1969 ita
1093 1917 1126 1969 et

78 2012 181 2078 Liviae
199 2009 307 2091 filius,
326 2007 539 2102 adjiceretur.
557 2014 669 2096 Quare
685 2035 754 2078 non
770 2025 930 2118 parentare
943 2016 1057 2105 patrie
1072 2037 1126 2106 ap

79 2213 184 2270 posset,
197 2201 393 2266 restituturum,
408 2201 505 2253 Noster
518 2219 582 2252 auc·
626 2219 676 2270 pro
684 2199 753 2272 vulg.
763 2225 773 2246 a
782 2199 879 2274 quibus
888 2210 988 2254 tantum
995 2199 1129 2254 interdum

79 2289 122 2328 tor
139 2291 180 2329 est
195 2275 288 2330 Claud.
304 2298 327 2330 c.
344 2295 366 2332 1.
386 2280 470 2332 Tacit.
485 2278 581 2332 Annal.
627 2291 652 2329 et
664 2270 730 2352 repre
741 2281 780 2331 uti
792 2277 900 2330 solebat.
913 2302 924 2324 u

41 2426 44 2430 Δ
79 2357 92 2408 1
98 2392 107 2421 ,
122 2356 157 2410 ³3
168 2375 175 2408 ε
188 2359 292 2410 «Drusi
303 2375 399 2428 magna
411 2358 584 2432 apud-popu·
663 2357 689 2409 5.
699 2357 795 2410 Actum
803 2359 830 2409 in
838 2358 942 2410 Senatu.
951 2358 1128 2410 illudendo.

80 2433 134 2487 lum
146 2437 296 2488 Romanum
310 2438 448 2502 memoria,
460 2436 584 2496 eredeba-
627 2433 695 2488 lllud
705 2438 784 2488 unice
794 2453 892 2488 verum.
903 2437 986 2488 Tacit.
996 2436 1094 2506 annal.
1104 2441 1130 2502 1,

82 2527 193 2586 torque,
207 2515 230 2567 si
241 2535 330 2568 rerum
341 2517 442 2587 potitus
455 2519 538 2582 foret,
551 2516 583 2567 li·
633 2515 679 2580 14:
693 2511 796 2566 «Multa
803 2517 908 2566 Petrum
917 2515 977 2566 etin
985 2517 1131 2586 Augustam

81 2589 211 2645 hermem
225 2591 385 2648 redditurus.
397 2617 409 2641 n
630 2591 755 2644 adulatio.
776 2592 827 2644 Alii
843 2594 997 2661 Potentem,
1016 2594 1131 2646 311111111-

118 2689 142 2726 2.
161 2671 243 2728 Juttoe
254 2676 338 2726 moti.
351 2674 393 2726 Cf.
406 2676 518 2745 August.
532 2674 582 2739 65,
630 2670 1132 2744 trempatrioeappellandam7plerique,

82 2766 108 2805 et
120 2751 209 2805 Tiber.
227 2770 266 2805 ιι.
285 2754 370 2805 Tacit.
385 2754 482 2816 tanat,
493 2757 519 2820 1,
535 2754 582 2806 53:
630 2767 659 2805 ut
677 2755 777 2804 nomini
795 2746 1132 2820 cesaris'adscriheretur‚

85 2834 248 2904 «Imperium
259 2830 538 2902 adeptus,extorrem,
548 2834 586 2882 in·
629 2831 806 2906 Julioefilius‚
823 2833 976 2885 censebant.
995 2831 1059 2901 llle,
1074 2853 1132 2885 mo-

79 2911 196 2978 lantem,
212 2924 238 2964 et
253 2925 316 2982 post
331 2912 500 2963 interiectam
513 2913 586 2964 Post·
629 2911 920 2982 demndosfeminoram
932 2911 1133 2980 transmutat

83 2986 585 3061 burnumAgrippam,omnisspeiege-
630 3005 707 3056 tans,
734 2991 879 3062 eademque
904 3011 932 3044 se
958 2996 1133 3064 temperantia

83 3085 144 3120 uam
152 3106 161 3133 ,
170 3069 261 3141 inopia
270 3087 301 3121 ae
309 3068 370 3120 tabe
378 3067 456 3138 longa
465 3070 584 3139 peremit,
631 3089 740 3123 usurum
751 3073 778 3122 in
790 3073 835 3138 iis,
849 3089 907 3142 quae
919 3073 969 3124 sibi
983 3074 1132 3126 tribueren-

83 3145 225 3200 obsourom
241 3147 299 3199 fore
320 3165 412 3199 neceto
432 3145 586 3217 longinqui·
631 3165 690 3212 tur;
715 3163 832 3201 ceterum
855 3153 946 3203 anxius
968 3151 1083 3219 invidia,
1107 3166 1133 3205 et

85 3239 138 3280 tete
159 3225 243 3279 exsilii
261 3239 365 3280 ratus.»
388 3225 462 3280 Obiit
478 3245 509 3278 ea
524 3245 586 3279 ann.
630 3228 759 3280 muliebre
773 3229 908 3301 fastigium
927 3231 955 3281 in
972 3229 1134 3284 deminutio·

86 3306 146 3376 767.
159 3331 198 3344 -·
210 3305 331 3356 Proxime
344 3307 461 3357 Bromius
476 3315 502 3356 at
518 3303 588 3356 Mul·
631 3309 895 3378 nemsuiaccipiens‚
906 3307 1067 3363 nelictorem
1076 3313 1136 3381 qui·

84 3381 154 3437 leros
165 3381 275 3436 rescribi
284 3383 394 3455 jubent,
407 3381 501 3453 «quod
509 3383 588 3434 mini·
632 3389 690 3442 dem
705 3392 728 3442 ei
742 3388 850 3442 decerni
864 3409 959 3462 passus
976 3405 1031 3455 est,
1048 3410 1135 3442 ararn-

85 3481 157 3516 mam
172 3475 274 3516 esset.»
633 3467 879 3540 qoeadoptioniset
890 3470 938 3521 alia
949 3469 1135 3541 hujuscemodi

120 3543 146 3595 3.
166 3539 272 3596 Publici
281 3540 359 3613 juris
378 3542 440 3594 Nou
456 3538 588 3592 redundat
632 3547 797 3619 prohibuit*
816 3549 893 3601 conf.
910 3551 977 3616 Dio,
992 3549 1077 3618 Lvu,
1094 3569 1133 3603 ια.

85 3626 185 3699 publici
191 3665 200 3694 ,
218 3639 249 3679 ut
266 3627 368 3678 Ernest.
389 3628 528 3680 existimat.
549 3630 587 3679 lta
632 3629 732 3681 Nostro
743 3627 821 3692 loeo,
833 3647 883 3700 pro
896 3620 1058 3700 Liviaeefilizu
1069 3627 1137 3680 mal-

85 3707 220 3780 publictsm
233 3719 260 3760 et
273 3704 460 3760 translatitium
466 3710 512 3779 jus
523 3705 589 3758 dici·
633 3706 684 3758 lem
694 3703 866 3778 Julioeſslisu,
879 3707 918 3756 uti
927 3706 1034 3758 Tacitus
1043 3705 1133 3759 habet.

88 3787 262 3854 turrAugust.
277 3801 316 3837 ιο.
324 3783 439 3851 Scilicet,
449 3783 482 3836 de
492 3785 588 3858 quibus
633 3785 709 3837 Juliae
728 3786 798 3836 enirn
816 3803 913 3835 nomeu
931 3785 1006 3835 Livia
1024 3775 1135 3856 imposi-

88 3863 152 3916 nibil
166 3874 274 3915 cautum
289 3877 344 3916 erat
359 3862 434 3915 litera
448 3876 590 3916 testamen·
634 3877 705 3926 tum,
724 3863 835 3932 legimus
854 3875 932 3913 autea
948 3861 1059 3932 August.
1075 3881 1134 3939 cap.

89 3945 124 4009 ti,
138 3944 170 3995 iis
182 3961 237 3994 nou
249 3941 405 3995 adstrictum
419 3962 447 3996 ss
462 3943 589 4014 putabat,
638 3959 695 3997 ror.
705 3943 800 3995 Obstat
810 3954 911 4007 tamen,
922 3941 996 4013 quod
1008 3945 1066 4014 ip'sa
1075 3961 1136 3994 seu-

89 4021 219 4093 oeqaitstis
230 4023 389 4074 inconosus.
635 4025 722 4076 tentia
730 4024 867 4073 senatoriae
873 4021 954 4072 verba
961 4023 1068 4072 Tacitus
1076 4019 1137 4072 suli·

123 4099 160 4167 4.Δ
172 4098 270 4169 Quibus
281 4109 370 4151 umen
380 4098 526 4167 interdum,
539 4113 589 4152 etc.
631 4105 706 4175 jicit,
721 4102 818 4154 Noster
828 4118 892 4153 vero
903 4119 958 4152 rem
971 4103 1080 4153 omuino
1096 4097 1137 4152 re-'

90 4180 163 4232 lianc
178 4180 339 4250 optinorum
353 4179 436 4232 Codd.
449 4179 602 4245 tutionem,
635 4182 717 4247 ferat,
735 4178 814 4250 idque
828 4190 931 4230 serrato
946 4193 1032 4229 uetere
1050 4198 1135 4250 eoque

90 4257 291 4313 eanmund.
306 4275 331 4312 et
341 4259 441 4312 Wolfio
452 4257 589 4328 dedimus,
635 4261 746 4332 proprio
760 4261 876 4310 nominc.

183 4351 212 4415 1.
955 4373 994 4438 27
1099 4395 1103 4403 .
