3036 5128
347 487 390 563 40
720 479 754 540 c.
781 475 1010 541 sunromr

344 611 433 674 viam
451 606 581 698 legione
599 605 689 686 fuso,
710 621 743 671 et
761 605 795 670 in
810 601 1080 671 ⁸Germnnorum
1098 597 1239 679 finibus,
1256 601 1384 664 Titurio

345 731 379 782 et
390 715 617 783 Aurunculeio
628 714 745 806 legetis
757 738 818 806 per
829 711 966 780 insidias
979 715 1085 780 caesis.
1227 719 1229 724 ’

392 830 509 892 XXVI.
535 821 662 891 Eodem
673 827 833 916 temporis
849 826 957 915 spatio
970 838 1112 889 matrem
1126 827 1251 914 primo,
1266 815 1385 886 deinde

346 935 448 1004 filiam
458 948 485 1018 ¹,
502 958 564 1002 nec
580 933 687 1002 multo
701 949 780 1026 post
794 949 952 1026 nepotem
968 935 1089 1000 amisit.
1108 938 1199 1000 Inter
1213 957 1289 1026 qum
1308 955 1386 998 con-

346 1063 493 1114 sternata
502 1053 536 1112 P.
545 1043 670 1113 Clodii²
682 1042 773 1112 caede
782 1043 981 1135 Republica,
995 1041 1118 1138 quum³
1131 1047 1272 1112 Senatus
1281 1067 1387 1110 unum

346 1155 542 1240 Consulem,
557 1143 822 1251 nominatimque
840 1161 900 1222 Cn.
921 1158 1133 1247 Pompeium,
1154 1154 1224 1222 lieri
1239 1157 1389 1251 censuis-

347 1285 415 1351 set,
433 1273 501 1361 egit
515 1293 593 1336 cum
607 1269 765 1335 Tribunis
781 1265 906 1359 plebis,
926 1265 1088 1358 collegam
1107 1290 1142 1334 se
1157 1271 1317 1359 Pompeio
1332 1265 1390 1334 de-

348 1379 568 1462 stinantibus,
591 1376 625 1444 id
642 1381 755 1470 potius
776 1375 819 1444 ad
841 1376 1006 1469 populum
1029 1378 1177 1460 ferrent,
1201 1395 1240 1444 ut
1259 1377 1390 1446 absenti

347 1489 425 1572 sibi,
441 1490 644 1586 quandoque
659 1493 790 1583 imperii
806 1505 939 1582 tempus
952 1489 1077 1582 expleri
1089 1493 1259 1583 coepisset,
1274 1493 1390 1584 petitio

348 1600 486 1670 secundi
507 1601 701 1670 consulatus
725 1601 883 1669 daretur:
906 1626 950 1668 ne
971 1625 1010 1668 eo
1031 1625 1133 1669 causa
1153 1605 1336 1685 maturius,
1357 1618 1392 1666 et

347 1715 542 1806 imperiecto
554 1711 664 1780 adhuc
677 1711 784 1794 bello,
799 1710 986 1780 decederet.
1000 1712 1099 1800 Quod
1113 1729 1151 1782 ut
1164 1711 1307 1806 adeptus
1321 1729 1391 1794 est,

347 1957 409 2021 Vll,
427 1955 463 2022 44
477 1973 531 2026 seq.
547 1969 628 2027 atque
645 1959 702 2030 ipse
722 1976 780 2030 cap.
799 1957 845 2010 51:
889 1977 983 2030 parutis
994 1955 1312 2030 Pompeii,lulianstns,
1323 1959 1394 2008 intra

350 2035 848 2110 aNostri,quumundiquepremeren·
892 2039 971 2092 breve
995 2042 1107 2110 spatium
1131 2037 1230 2091 obiit..
1253 2040 1293 2090 ltu
1314 2038 1395 2089 etiem

347 2129 409 2180 tur,
430 2131 490 2169 mvi
511 2117 708 2170 centurionibus
727 2119 849 2182 amissis,
891 2121 991 2172 Lucan.
1005 2121 1044 2184 V,
1059 2117 1127 2188 4745
1146 2140 1156 2164 ι
1169 2131 1336 2188 mortemque
1352 2133 1397 2165 ne·

348 2193 443 2264 dejecti
462 2208 523 2246 sunt
541 2194 601 2246 loco
610 2217 638 2258 μ
659 2209 752 2267 postea
768 2218 774 2246 :
795 2219 806 2240 κ
816 2216 848 2247 eo
891 2199 974 2270 potis,·
986 2222 997 2245 ι
1010 2211 1036 2250 et
1046 2197 1098 2265 lx,
1111 2197 1177 2268 1049
1183 2220 1191 2260 ;
1204 2216 1273 2248 nnec
1282 2209 1346 2247 nata
1354 2198 1396 2266 ju-

347 2272 392 2324 die
408 2272 502 2326 milites
519 2287 580 2326 sunt
593 2273 674 2346 poulo
691 2275 779 2328 minus
797 2293 847 2345 7⁰⁰
893 2277 938 2329 bct
947 2296 1059 2330 moerere
1067 2295 1201 2349 neposque.
1213 2300 1224 2323 ι
1238 2277 1335 2328 Porum
1346 2292 1397 2325 au·

347 2351 520 2406 desiderati.»
892 2369 946 2408 tem
958 2359 1052 2421 refert,
1068 2355 1198 2408 liliolusne
1210 2356 1305 2420 fuerit,
1319 2373 1353 2406 sn
1366 2353 1397 2404 fi-

384 2433 410 2484 8.
434 2434 469 2484 In
485 2434 672 2488 Germanomm
683 2431 800 2506 finibu53
820 2436 848 2484 in

347 2509 531 2578 Eburonibus,
548 2528 682 2582 equorum
696 2532 758 2583 pars
770 2513 849 2564 maxi-

349 2607 392 2640 me
404 2603 444 2640 est
455 2591 524 2642 inter
533 2591 635 2658 Mosam
649 2609 679 2643 ac
691 2591 846 2653 Rhenum„

348 2667 411 2718 Ges.
424 2669 461 2734 V,
475 2669 522 2735 nd,
537 2671 582 2738 qui
594 2682 676 2723 totnm
689 2667 791 2721 cladem
803 2671 849 2721 Ti·

347 2747 481 2797 turinnum
494 2761 581 2808 narrat
593 2767 676 2820 usque
688 2747 723 2800 ad
735 2767 794 2820 cap,
805 2748 848 2819 37.

349 2823 476 2874 Hostibus
488 2824 623 2876 Ambiorix
636 2841 757 2896 praeeret.

384 2901 850 2970 xxv1.1.ffltam,sutiam,uxorem

349 2982 483 3050 Pompeii,
500 2983 639 3033 tenerrime
654 2983 779 3036 dilectem
792 3003 849 3036 ma·

350 3057 629 3111 rito.Antcanbortum
638 3062 796 3132 fecerntprae
805 3075 852 3114 ter·

351 3155 425 3202 rore,
436 3157 518 3209 quum
528 3141 647 3210 Pompeii
658 3143 787 3211 sanguine
797 3139 853 3212 pol·

350 3214 432 3265 lutam
447 3230 545 3268 vestem
561 3236 575 3267 e
591 3217 669 3269 turba
686 3221 785 3272 forensi
801 3218 852 3270 do-

351 3312 422 3345 mum
432 3295 540 3346 relatam
549 3296 668 3361 vidisset;
680 3299 747 3351 l'lut.
758 3303 849 3372 Pomp.

350 3373 463 3436 53;Val.
472 3375 592 3440 Memlv,
601 3378 627 3441 6,
636 3379 851 3449 rim-Nepotem,-

349 3451 395 3504 alii
405 3462 525 3524 neptun,
535 3455 577 3506 cui
587 3454 693 3512 lectioni
705 3459 852 3528 suffragan-

350 3545 392 3582 tur
399 3531 481 3583 Greci
489 3543 621 3585 unctores.
629 3533 679 3586 Sed
687 3533 851 3605 Vell.ll,47:

353 3633 363 3654 u
375 3612 488 3681 septimo
499 3611 581 3662 ferme
591 3630 661 3667 anno
671 3611 757 3668 Caescr
767 3631 854 3664 more·

893 2431 963 2484 liole.
985 2437 1052 2485 Puto
1068 2435 1145 2485 ctiam
1162 2435 1250 2485 Rome
1270 2431 1317 2483 illo
1337 2433 1397 2502 ipsc

894 2525 1030 2582 tempore,
1049 2529 1103 2583 qno
1122 2510 1240 2576 obierat,
1252 2528 1310 2562 rem
1324 2504 1398 2560 buud

894 2591 974 2642 fuisse
987 2591 1159 2661 exploratum.

932 2687 955 2721 π.
980 2670 1011 2721 P.
1033 2667 1117 2721 Clodii
1124 2691 1133 2730 ;
1152 2667 1330 2720 scelestissimi
1347 2663 1399 2716 bo-

895 2748 990 2812 minis,
1019 2749 1062 2819 qui
1088 2748 1175 2798 omnia
1203 2763 1251 2797 suo
1275 2745 1399 2795 facinora

896 2828 1027 2896 Pompeii,
1039 2826 1125 2880 Crassi
1135 2827 1296 2894 Caesnrisque
1309 2835 1401 2874 eneto-

896 2905 968 2956 ritnti
979 2903 1114 2956 tribuebat
1126 2903 1224 2972 (Cicer.
1236 2900 1271 2953 de
1282 2903 1400 2970 Harusp-

895 2985 973 3055 Resp.
990 2983 1057 3055 on),
1075 2985 1206 3038 interfecti
1225 3002 1240 3034 a
1257 2985 1289 3032 T.
1309 2982 1399 3032 Annio

895 3065 1009 3132 Milone,
1024 3083 1103 3136 quem
1119 3065 1211 3116 Cicero
1229 3060 1350 3114 timidior
1365 3059 1399 3112 ob

896 3145 1077 3196 imminentem
1093 3145 1247 3214 Pompeium
1265 3139 1337 3192 male
1354 3139 1401 3192 de-

896 3221 990 3273 fendit.
999 3221 1065 3274 Vell.
1075 3225 1116 3289 11,
1125 3222 1158 3290 47
1168 3245 1173 3274 :
1186 3244 1197 3268 α
1207 3223 1269 3289 Quo
1281 3233 1401 3289 tempore

896 3303 923 3350 P.
947 3300 1055 3353 Clodius
1078 3301 1228 3365 aMilone,
1255 3298 1400 3351 candidato

896 3379 1069 3446 consulatus,
1081 3380 1201 3452 exemplo
1214 3378 1316 3442 inutili,
1329 3380 1400 3430 facto

898 3457 1004 3509 solutori
1012 3457 1171 3530 Reipublicu
1178 3495 1186 3522 ,
1194 3459 1262 3509 circa
1272 3453 1402 3518 Rovillas,

898 3548 1034 3588 contracta
1044 3555 1076 3588 ex
1087 3555 1199 3588 occursu
1211 3538 1283 3602 rixa,
1294 3533 1401 3604 jugula-

899 3626 940 3665 tus
956 3628 1008 3681 est,
1023 3629 1096 3668 etc.-

349 3686 428 3738 batur
437 3689 464 3738 in
472 3687 668 3760 Galliis,quum
677 3689 791 3747 medium
796 3693 853 3760 jam
934 3691 958 3743 3.
981 3693 1065 3762 Quum
1078 3694 1199 3760 Senatus,
1213 3706 1263 3745 etc.
1276 3692 1317 3744 Cf.
1334 3693 1400 3754 Dio,

350 3783 383 3822 ex
392 3766 491 3818 invidia
504 3767 628 3839 potentie
640 3767 707 3820 male
719 3768 854 3821 cobseren-
898 3770 959 3836 XL,
971 3768 1019 3836 50,
1031 3769 1076 3833 51;
1090 3769 1221 3823 Plutarch.
1232 3769 1297 3824 Caes.
1311 3771 1361 3834 28,
1376 3779 1402 3819 et

351 3845 383 3896 tis
394 3845 461 3896 inter
470 3845 518 3896 Cn.
528 3847 682 3916 Pompeium
695 3859 721 3898 et
730 3848 759 3899 C.
771 3847 853 3900 caesa-
898 3849 1015 3918 Pompei.
1030 3848 1077 3916 54,
1090 3848 1137 3914 55,
1150 3849 1200 3911 56;
1212 3847 1268 3900 Cet.
1279 3849 1344 3902 min.
1357 3847 1401 3914 47,

352 3939 406 3972 rem
417 3924 565 3978 concordiae
575 3926 777 3998 pignus,.lulia,
788 3945 854 3978 uxor
899 3927 946 3993 48,
959 3927 999 3996 (is
1011 3930 1081 3980 enirn
1094 3930 1207 3980 maxime
1221 3941 1357 3992 suaserat,
1373 3937 1401 3975 ut

351 3999 455 4070 Magni,
464 4003 576 4056 decessit
586 4025 591 4053 :
602 4019 682 4077 atque
691 4007 778 4058 omnia
786 4007 854 4057 inter
899 4005 1051 4058 consulatus
1070 4004 1119 4059 soli
1137 4007 1263 4077 Pompeio
1282 4005 1401 4058 deferre·

352 4077 499 4132 destinatos
517 4097 591 4136 tanto
609 4085 753 4136 discrimini
772 4084 853 4136 ducos
900 4100 954 4150 tur,
967 4106 981 4136 c
992 4083 1111 4156 pluribus
1124 4086 1198 4137 malis
1209 4086 1347 4137 minimum
1357 4079 1403 4134 eli·

351 4158 489 4212 dirimente
511 4163 633 4229 fortune,
649 4162 726 4236 filius
745 4183 853 4237 quoquc
899 4163 996 4234 gons);
1011 4164 1074 4216 css.
1092 4163 1153 4216 Bell.
1169 4164 1221 4216 Civ.
1239 4165 1266 4226 l,
1279 4181 1303 4232 9.
