3036 5124
488 587 728 654 tinnulus.
1067 599 1131 684 ⁴⁰7

90 713 232 807 populo,
255 730 394 807 propter
415 711 564 798 cladem,
588 737 657 809 qua
674 715 767 808 apud
788 714 930 786 Fidenas
950 717 1074 812 supra³
1093 743 1135 788 xa

87 823 263 892 hominurn
273 823 395 907 millia,
409 822 605 916 gladiatorio
619 847 777 908 munere,
788 822 1026 919 amphitheatri
1037 831 1136 898 risina

89 939 269 1029 perierant,
288 937 422 1004 transiit
438 939 474 1004 iu
487 938 732 1018 coutinentem,
750 953 1018 1034 potestatemque
1029 943 1136 1008 omui·

88 1047 151 1116 bus
162 1043 310 1132 adeundi
321 1051 375 1116 eui
385 1048 480 1116 fecit:
492 1063 586 1118 tanto
597 1051 722 1141 magia,
734 1047 827 1145 quud
839 1049 931 1119 Urbe
943 1051 1134 1144 egrediens,

88 1157 150 1228 ne⁴
163 1161 239 1256 quis
251 1183 288 1228 ee
299 1158 546 1253 interpellaret,
561 1158 728 1244 edixerat,
745 1184 785 1229 ae
798 1177 869 1231 toto
882 1165 1001 1232 itinere
1011 1162 1136 1232 adeun·

87 1287 136 1339 tes
150 1287 391 1340 summoverat.

131 1385 217 1450 XLI.
243 1387 428 1476 Regressus
450 1384 486 1450 iu
506 1381 670 1464 insulam,
692 1382 897 1476 Reipublicae
920 1384 1059 1479 quidem
1079 1409 1136 1453 ou·

87 1515 158 1559 ram
168 1491 375 1587 usqueadeo
387 1488 523 1584 abjecit,
537 1507 575 1560 ut
586 1509 703 1585 postea
713 1515 784 1562 non
795 1491 948 1562 decurias
960 1505 966 1534 ¹
981 1497 1136 1589 equitum

87 1623 237 1696 unquam
261 1598 445 1695 supplerit3
471 1623 540 1668 non
563 1599 732 1668 Tribunos
754 1601 920 1670 militum²
945 1603 1136 1672 Proeleotos·

87 1735 170 1806 que,
191 1735 264 1780 non
281 1709 554 1808 ³proviuciarum
574 1710 736 1805 praesidet
754 1711 843 1782 ullos
863 1716 1058 1798 mutaverit3
1080 1717 1137 1783 Hi·

87 1826 240 1915 spaniam
253 1840 288 1892 et
300 1826 430 1918 Syriam
444 1849 506 1918 per
519 1822 649 1917 aliquot
665 1845 773 1892 anuos
790 1823 882 1892 sinet
901 1823 1135 1892 consularibus

86 1931 203 2026 legatis
213 1933 385 2019 habuerit;
397 1933 606 2004 Armeniam⁵
619 1959 640 2001 a
651 1933 781 2004 Parthis
792 1937 966 2030 occupari,
981 1935 1136 2004 Moesiam

119 2167 144 2219 3.
162 2169 250 2240 Supru
262 2169 312 2221 XX
323 2168 459 2222 hominum
469 2166 585 2220 millia...
668 2185 693 2219 a.
715 2168 925 2241 meeotneque,
944 2166 1001 2219 scil.
1022 2166 1134 2219 alarum.

83 2249 222 2320 petierunt.
235 2249 369 2303 Describit
379 2269 435 2302 rem
445 2250 531 2302 Tacit.
542 2250 585 2314 lV,
630 2245 785 2317 Junqnutur
798 2248 868 2298 enim
884 2244 995 2300 Tribuni
1009 2244 1135 2297 militum.

85 2328 180 2402 fiaseq.
190 2332 304 2403 quieap.
313 2330 362 2398 63,
372 2329 586 2403 «quinquaqinta
631 2326 701 2379 Male
713 2327 863 2380 casaubon.
877 2343 923 2379 eus
936 2324 1073 2396 intelligit,
1089 2326 1134 2396 qui

85 2407 224 2462 hominum
236 2409 318 2462 millia
330 2427 363 2462 so
375 2427 439 2462 casu
448 2407 587 2460 debilitata
631 2404 791 2459 exercitibus
801 2406 935 2477 rebusque
944 2403 1047 2456 bellicis
1058 2421 1137 2474 pree-

84 2488 123 2539 sel
136 2488 234 2541 obtrita
248 2503 343 2542 sunt·
357 2489 498 2542 Suetonius
513 2503 586 2538 mor·
632 2499 700 2538 raut.
714 2487 821 2556 Reliqui
831 2495 929 2537 tacent.

85 2567 586 2640 tuottantumuumerat.Sequitureura
666 2559 1136 2637 titvonprovtnciammproesidesat-

84 2646 161 2700 Oros.
169 2649 232 2712 vlt,
244 2648 274 2714 4,
284 2667 296 2692 ι
305 2645 497 2718 Amphitheatri
506 2661 586 2696 eavea
631 2645 669 2700 los
678 2645 829 2699 mutaverit.
840 2647 924 2698 Taoit.
937 2643 1033 2697 huual.
1045 2647 1071 2709 l,
1084 2644 1134 2696 tm

85 2725 185 2796 populu
203 2725 392 2794 gladiatorium
410 2741 513 2776 uauuusv
525 2738 587 2794 spe·
634 2727 810 2798 nidquoque
824 2743 929 2778 moruus
947 2723 1046 2777 'liberii
1066 2726 1134 2789 init,

85 2815 172 2857 utente
185 2801 305 2874 collapsa
320 2817 376 2870 est,
394 2815 421 2854 et
433 2801 493 2873 plus
507 2818 586 2874 quara
631 2809 787 2858 continuare.
802 2807 930 2878 imperia,
943 2822 978 2858 ae
990 2803 1134 2876 plerosque

86 2885 132 2938 XX
144 2883 228 2936 millia
240 2884 379 2937 homiuum
391 2882 520 2936 oceidit.»
632 2885 665 2938 ad
680 2885 759 2939 finem
768 2887 862 2938 vitain
872 2883 966 2938 iisdem
977 2883 1134 2936 exercitibus

119 2965 144 3034 4.
163 2967 206 3020 Ne
218 2967 311 3041 quis....
323 2966 452 3032 edixerat,
460 2984 524 3017 oe...
536 2965 586 3016 ad·
631 2981 678 3019 aut
688 2963 919 3037 jurisdictionibus
930 2963 1037 3016 hahere.
1050 2963 1134 3014 Gaus-

84 3057 169 3100 eurstes
181 3056 365 3099 summoraemt.
377 3047 462 3099 Tacit.
476 3047 522 3110 tv,
533 3045 584 3114 67:
631 3047 751 3098 severiae
760 3044 915 3098 traduntur.-
925 3042 1135 3097 aliitoedionovoe

88 3127 141 3177 adt
152 3125 250 3190 Cesar,
266 3125 394 3178 dedicatis
411 3143 461 3197 per
471 3125 586 3194 Campa·
631 3143 697 3178 curae
710 3123 789 3178 semel
796 3124 898 3196 placita
909 3141 958 3196 pro
969 3124 1135 3176 atentiam-

85 3204 153 3256 niatu
170 3202 294 3276 templis,
315 3221 476 3277 quamquam
497 3202 585 3255 edieto
631 3199 1137 3274 vaviaesqatdamirritata,.aep1am

85 3285 247 3351 monuisset,
265 3301 300 3335 ne
319 3284 379 3356 quis
398 3283 516 3354 quietem
529 3283 585 3351 ejus
624 3282 863 3354 fremuissent
875 3282 921 3353 qui
933 3281 1094 3340 existiment,
1107 3291 1136 3329 ut

63 3354 66 3364 ¹
84 3359 240 3434 irrumperet
249 3359 321 3433 (lege
331 3359 517 3414 emendatione
529 3379 593 3412 eer··
630 3361 757 3415 callidum
765 3366 821 3433 ejus
830 3362 974 3432 ingenium,
982 3362 1018 3412 ita
1027 3359 1134 3412 anxium

85 3440 181 3493 tissima
191 3438 419 3514 interrumperet),
428 3457 586 3492 oonenrsus·
627 3442 766 3514 judleium.
778 3466 790 3490 ι
803 3443 844 3495 cf.
858 3453 884 3493 et
895 3439 992 3492 Annal.
1008 3442 1051 3506 lv,
1063 3439 1093 3503 6,
1109 3450 1142 3489 εν

86 3529 136 3590 que
147 3519 361 3593 oppidanorum,
373 3520 504 3592 disposito
516 3518 585 3571 rnili-
630 3520 739 3594 loseph.
752 3520 849 3585 xvtlt,
861 3518 892 3584 6,
906 3517 930 3572 5.

87 3611 125 3668 te,
139 3601 353 3674 prohiberentur,
369 3619 481 3674 perosus
497 3613 586 3652 tumen
674 3600 700 3666 4.
730 3598 794 3651 Siue
825 3595 1003 3652 consularibus
1031 3593 1132 3667 legatis.

87 3683 226 3754 municipia
238 3693 264 3734 et
276 3680 395 3732 colonias
405 3680 548 3749 omniaque
557 3679 586 3731 in
629 3678 708 3730 Conl.
722 3677 756 3730 ad
767 3681 879 3748 August.
892 3695 954 3747 cap.
969 3674 1013 3745 i?-
1024 3675 1133 3726 Provin-

85 3763 230 3814 eontinenti
240 3763 304 3828 situ,
313 3761 429 3833 Capreas
439 3777 466 3812 se
478 3760 506 3810 in
515 3759 588 3810 insu·
629 3761 732 3811 ciarum
745 3770 835 3810 autem
848 3757 1028 3808 &serenum
1041 3754 1132 3823 praesi-

87 3840 135 3892 laru
150 3841 284 3894 abdidit·
630 3837 676 3889 des
697 3835 777 3911 lepati
799 3835 904 3888 casaris
922 3833 963 3886 rel
985 3833 1133 3904 propreto-

119 3921 183 3974 ΧΗ.
206 3939 228 3974 t.
251 3922 376 3974 Decurias
395 3919 524 3992 equitum.
546 3919 585 3971 Du
631 3931 668 3968 res
679 3913 850 3980 dicebantur,
862 3927 1022 3984 quamquam
1034 3909 1134 3962 Gousu-

87 4017 112 4051 re
129 4000 236 4053 militari
251 4000 370 4072 intelligo
384 4017 446 4052 cum
460 3996 584 4050 Oudsud.
630 3994 699 4047 lares
717 4007 812 4047 essent.
828 3992 986 4064 Hispaniam
1002 3993 1134 4043 Tarraco·

87 4090 112 4130 et
121 4080 219 4134 Wolfio
232 4079 359 4153 aliisque,
372 4079 497 4151 quoniam
508 4077 541 4130 de
554 4093 586 4130 ea
629 4087 789 4140 nensern,et
795 4074 971 4136 Lusitaniam,
980 4084 1007 4123 et
1014 4071 1132 4141 Syriam,

87 4159 111 4211 iu
127 4173 182 4214 tuto
197 4163 285 4233 eapite
301 4176 404 4224 sermo,
418 4177 473 4212 non
489 4158 521 4212 tle
537 4156 585 4210 de·
631 4154 665 4208 ad
681 4154 789 4206 Cetaria
806 4151 955 4226 provincias
969 4152 1051 4204 refert
1066 4151 1134 4214 Dio,

87 4239 163 4292 aunis
177 4239 294 4310 iudicum
313 4257 373 4290 eura
390 4238 479 4309 Lipsio
494 4248 520 4289 et
538 4237 586 4288 Er·
631 4233 702 4300 Lm,
717 4249 757 4287 ta.

87 4319 178 4369 nestio.
243 4383 245 4388 ,
669 4315 691 4366 5.
712 4311 878 4379 Armeniam,
899 4325 949 4366 ete.
969 4311 1047 4364 Gonl.
1066 4308 1134 4374 llio,
