2982 5116
365 487 527 556 ocrsv.
553 488 813 556 incusans.
1047 515 1112 586 ιη

81 619 113 684 in
123 611 214 708 cujus
225 610 373 706 templo⁸
385 615 532 680 coiretur
546 639 554 680 :
567 627 656 680 atne
667 610 858 708 plusquam
869 607 942 682 bist
953 615 987 684 ln
999 639 1115 688 mensa

81 727 239 820 legitimus
260 729 400 792 Senatus
424 739 595 814 ageretur,
623 721 781 791 Kalendis
805 739 838 792 et
864 722 1006 794 Idibus:
1030 751 1116 798 neve

79 836 257 930 Septembri
267 848 294 884 ¹⁰
310 834 488 902 Octobriue
506 857 623 901 mense
638 832 724 902 ullos
743 833 861 901 adesse
872 835 962 928 ,alios
981 850 1118 909 necesse
1183 820 1185 828 ,

82 964 177 1030 esset,
195 965 298 1042 quam
319 961 408 1014 sorte
424 941 561 1028 ductos,
580 967 641 1038 per
661 953 839 1039 quorum¹¹
863 971 1042 1016 numerum
1060 948 1119 1020 de-

80 1075 165 1128 creta
183 1057 304 1127 confici
323 1072 481 1150 possent:
505 1055 802 1150 sibique'instituit
820 1056 957 1124 consilia
968 1073 993 1106 ¹²
1011 1063 1121 1130 sortiri

81 1170 264 1250 semesum,
277 1191 355 1236 cum
365 1164 489 1262 quibus
499 1163 523 1204 ¹³
537 1165 581 1234 de
593 1167 734 1256 negotiis
746 1164 790 1232 ed
801 1164 1012 1260 frequentem
1024 1173 1123 1239 Sena·

80 1293 149 1346 tum
159 1276 342 1346 referendis
354 1293 431 1344 ante
444 1289 613 1344 tractaret.
629 1277 817 1343 Sententiae
828 1272 871 1342 de
882 1274 1010 1369 majore
1022 1303 1122 1374 nego·

80 1391 123 1457 tio
135 1414 203 1458 non
217 1413 312 1457 more
323 1386 347 1440 ¹⁴
361 1403 464 1483 atque
476 1385 609 1468 ordine,
627 1385 688 1453 sed
705 1400 807 1478 prout
820 1383 989 1470 libuisset,
1006 1413 1122 1482 perro-

81 1497 189 1589 gabet,
217 1515 258 1566 ut
283 1497 424 1593 perinde
447 1500 591 1592 quisque
616 1497 768 1564 animum
792 1495 998 1581 intenderet,
1025 1521 1066 1568 ao
1093 1504 1121 1568 si

79 1607 284 1677 censendum
297 1610 416 1702 magis,
431 1627 535 1702 quam
550 1605 803 1676 assentiendum
813 1619 912 1675 esset.
990 1643 991 1650 1

111 1803 135 1856 8.
153 1801 188 1855 In
201 1806 276 1878 cujus
287 1801 386 1876 templo
398 1803 518 1854 sciretur.
533 1799 578 1854 Sa·
623 1797 781 1852 Senatorum
788 1801 875 1852 varim
885 1813 935 1871 pro
945 1803 1017 1853 sario
1028 1821 1125 1874 genere

79 1893 166 1934 natam
177 1885 250 1935 euim
262 1885 291 1934 in
303 1883 376 1935 varia
388 1880 487 1954 templa
499 1881 579 1934 luisse
623 1895 725 1940 rerum,
736 1877 770 1929 de
781 1877 877 1949 quibus
890 1877 1078 1936 decernebant.

78 1975 272 2023 convocatum,
286 1973 352 2013 nota
365 1961 579 2012 resest.Prose·
662 1955 1128 2016 11.οο1111“11110111“11“κ111111η’1.1)11“-
1161 1963 1163 1968 ’

78 2040 176 2092 utorio
187 2057 313 2105 munera,
325 2039 359 2091 sl.
377 2037 442 2090 dant
458 2039 580 2090 usitatius
623 2051 697 2087 mum
711 2053 741 2087 ex
754 2035 949 2106 magistratibus
961 2036 1072 2110 (demtis
1084 2055 1126 2094 ta-

78 2120 202 2173 maora
220 2137 347 2187 munera,
367 2121 425 2171 sios
443 2116 527 2170 dubio
547 2133 581 2170 ea
624 2129 685 2167 men
703 2112 877 2183 Consulibus)
892 2115 1024 2186 singulos,
1038 2131 1064 2172 et
1083 2137 1128 2172 ω.

78 2199 161 2252 inutili
171 2201 349 2252 correctione.
364 2201 403 2250 lta
416 2197 497 2249 Coro.
511 2197 579 2269 Nep.
625 2204 730 2245 catores
745 2189 896 2264 quindecim
907 2206 978 2246 sorte
990 2195 1068 2266 legit,
1080 2199 1128 2268 qui

79 2277 178 2331 Duum.
193 2279 219 2344 l,
237 2301 250 2327 ι
260 2281 387 2331 Datames
398 2277 511 2330 militare
521 2295 582 2328 mu·
625 2287 674 2343 per
691 2287 769 2322 senos
788 2287 892 2322 menses
905 2269 956 2323 sihi
969 2274 997 2325 in
1014 2275 1127 2328 consilio

77 2358 247 2435 sasfisaqeas
256 2361 386 2430 primum,
399 2372 448 2410 etc.
461 2381 471 2405 s
483 2355 582 2410 Endera
627 2364 733 2404 essent:
754 2352 844 2403 senior
860 2369 936 2420 sero,
957 2353 987 2404 1..
1007 2355 1127 2418 Munatio

79 2439 190 2492 utinm
201 2440 294 2503 infra,
306 2457 365 2510 0⁸P·
379 2438 422 2503 45,
468 2435 470 2444 ’
627 2430 723 2483 Planco
741 2443 768 2483 el
785 2429 816 2484 G.
835 2429 899 2484 slllo
915 2433 1018 2486 Cfflclna
1036 2436 1129 2505 0⁰8⁸„

110 2533 135 2586 9.
154 2518 191 2576 Et
203 2537 237 2570 rte
246 2517 310 2589 plus
320 2535 401 2590 quom
415 2517 464 2583 bis,
476 2527 527 2568 etc.
540 2515 582 2568 nn
626 2513 717 2582 viginti
729 2511 779 2564 sibi
789 2511 955 2564 consiliarios
968 2531 1071 2568 annuos
1082 2535 1129 2588 pa·

77 2607 147 2648 terve
158 2597 274 2668 singulis
288 2596 426 2650 mensibus
442 2609 521 2648 antea
533 2594 583 2646 ha-
626 2593 696 2658 tivit,
708 2590 910 2659 decretumque,
922 2604 952 2644 ut
964 2611 1129 2668 quecunque

79 2674 160 2727 bitum
179 2676 266 2730 baisse
290 2677 416 2730 Senatum
437 2676 582 2750 leqs'ts'musss
627 2689 686 2723 cum
699 2671 739 2722 his
750 2671 977 2743 consulibusque,
990 2686 1016 2728 et
1026 2678 1072 2748 qni
1081 2677 1129 2731 de-

76 2752 135 2826 (qui
154 2757 305 2830 opponitur
323 2756 422 2808 indicto
441 2755 482 2808 val
501 2755 582 2807 edicto
627 2750 1128 2826 signatiGonsulesessent,egisset,non

77 2853 122 2904 per
132 2835 284 2906 sissgulares
299 2834 483 2905 occasiones),
497 2845 583 2886 osten·
626 2833 712 2882 minus
723 2841 888 2898 ramessem,
899 2836 1041 2906 quamsssn
1049 2838 1129 2893 Sena.

76 2909 113 2965 dit
122 2913 156 2966 ad
165 2915 194 2970 h.
208 2915 226 2966 Ι.
238 2913 376 2968 Buahorn.
386 2931 418 2966 ea
428 2927 517 2965 vetere
527 2910 583 2964 Ka·
627 2919 656 2960 tu
670 2921 729 2961 acta
741 2909 861 2964 fuissent.

76 2989 209 3058 laudatio,
225 2995 331 3045 inserto
345 2994 424 3044 etiam
439 3009 501 3044 cum
513 2991 582 3043 notis
665 2989 706 3043 13.
727 2991 790 3042 Cum
804 2988 897 3064 quibus
907 2993 938 3046 de
952 2997 1076 3069 ueqott'is.
1086 3039 1093 3052 .
1102 3039 1127 3056 .,

77 3069 209 3124 lambecii
231 3085 302 3124 tom.
319 3073 378 3125 Vlll
398 3069 478 3123 Thes.
499 3070 581 3122 Graev.
627 3082 688 3124 onte
703 3083 831 3125 tractaret.
848 3069 942 3127 Libera
958 3077 1071 3150 Republ.
1089 3081 1129 3135 lte

76 3149 222 3204 lastituisse
246 3165 339 3204 autem
359 3149 434 3202 aliter
455 3167 509 3202 rem
529 3150 584 3201 Au·
627 3152 1088 3224 Senatuserantpertes3deluderes
1100 3163 1128 3215 ia

75 3242 181 3297 gastum
199 3249 259 3284 non
279 3243 347 3297 tam,
369 3243 400 3282 ut
418 3229 507 3302 aliquo
524 3247 584 3280 mo·
628 3233 781 3282 concionem
793 3231 825 3284 ad
835 3233 1129 3305 populumdefereban·

75 3303 148 3360 lestia
169 3308 303 3362 liberaret
325 3307 484 3376 Senatores,
504 3325 584 3378 quam
628 3323 687 3377 tur,
697 3329 754 3382 quae
764 3311 871 3382 quidem
884 3317 991 3384 majoris
1003 3325 1130 3376 momenti

75 3395 105 3434 ut
121 3403 212 3438 serum
227 3399 393 3460 potestatem
409 3386 443 3438 ad
457 3403 485 3439 se
501 3403 584 3438 unum
629 3401 725 3440 essent.
738 3389 873 3459 Augustus
882 3392 961 3460 igitur
972 3394 1131 3450 vindicet'si-

77 3465 159 3536 nqis
177 3466 318 3532 traheret,
338 3477 415 3518 acute
433 3463 498 3518 vidit
515 3463 584 3518 idem
629 3466 670 3528 bi,
683 3465 758 3538 quod
770 3480 823 3520 erat
835 3467 962 3526 Sanatm:
976 3469 1014 3523 illi
1026 3473 1130 3545 tribuit,

76 3541 209 3596 Boxhorn.
222 3573 262 3585 -—
282 3545 333 3596 Pro
346 3551 476 3616 aymtur,
490 3541 523 3594 al.
540 3541 585 3593 lto·
630 3544 768 3616 quoderat
782 3545 884 3616 populi.
898 3549 935 3598 lla
945 3567 978 3601 eo
988 3549 1038 3601 sub
1047 3551 1131 3624 impe·

78 3620 182 3682 baetim
630 3621 763 3674 rosoribus
778 3636 824 3675 aut
839 3641 914 3692 raro,
929 3639 975 3678 aut
986 3626 1058 3680 nulla
1072 3629 1131 3701 ple·

113 3717 153 3754 ro.
180 3703 261 3754 Neue
284 3701 428 3773 Septembri
452 3701 587 3754 Octobriue
631 3699 734 3753 bisalta.

77 3797 176 3843 sarum
191 3782 230 3834 ob
247 3777 404 3834 vindemias.
671 3780 711 3846 14.
730 3781 791 3833 Noa
806 3799 877 3832 more
888 3791 967 3855 atque
980 3785 1084 3850 ordinm
1098 3788 1133 3844 tle

113 3876 152 3913 11.
162 3862 340 3934 Perquorum
349 3861 589 3913 numerumdecreto
633 3879 686 3933 quo
699 3859 810 3912 diximus
823 3861 857 3913 ad
868 3863 932 3914 Ges.
946 3881 988 3916 at.
999 3867 1089 3935 Quum
1102 3873 1135 3938 ii,

76 3937 170 4008 confici
178 3951 300 4012 possent.
314 3939 383 3990 Ante
397 3941 508 4011 Augusti
526 3959 589 3991 con·
633 3939 668 3992 ad
679 3957 746 4012 quos
756 3939 868 4011 vulgaris
878 3941 989 4013 rogandi
1001 3945 1069 4001 ordo
1080 3969 1135 4003 non

77 4018 264 4084 stitutionem,
289 4018 550 4071 senatusconsultum
573 4037 589 4070 a
634 4019 825 4085 descendebat,
839 4020 872 4073 ad
884 4029 1049 4096 eorum,qui
1063 4031 1137 4102 prius

78 4099 256 4168 paucioribus
278 4097 479 4168 quadringentis
502 4099 592 4169 perlici
635 4101 791 4153 sententiam
811 4099 930 4155 meditati
948 4101 1069 4162 dixerant
1085 4113 1139 4165 sive

78 4192 132 4228 noc
150 4180 253 4249 potuit.
276 4176 341 4228 Erat
359 4188 446 4256 autem
466 4193 590 4228 anscerus
636 4189 798 4244 manserant,
809 4179 887 4234 rerba
901 4183 1028 4239 accedere
1042 4188 1083 4242 vel
1096 4211 1141 4245 as-·

867 4319 873 4326 -
948 4275 997 4342 15.
