3036 5128
366 585 427 628 roe
737 563 1036 629 C.·SUETONll

359 687 555 760 adfuturum
566 712 644 755 curn
654 685 772 756 decem
785 686 971 780 legionibus
981 739 990 770 ,
1001 691 1150 784 equitum
1159 691 1305 780 triginta,
1317 689 1387 760 levis

359 815 539 864 armaturae
551 813 687 864 centum
698 796 868 879 millibus,
884 797 1070 892 elephantis
1082 802 1247 868 trecentis.
1262 797 1388 868 Proinde

361 905 516 994 desinant
527 905 665 1003 quidam
676 933 828 1004 quaerere
839 909 929 976 ultra
940 925 999 980 aut
1010 912 1157 1003 opinari,
1171 909 1331 1005 mihique,
1341 913 1389 1004 qui

360 1037 569 1114 compertum
591 1017 719 1102 habeo,
747 1017 886 1088 credant
899 1029 912 1085 ἰ
941 1037 999 1088 aut
1019 1017 1157 1116 quidem
1184 1022 1390 1090 vetustissima

359 1131 467 1201 nave³
486 1137 677 1228 impositos,
694 1159 897 1232 quocunque
913 1153 1033 1217 vento,
1051 1139 1087 1204 in
1104 1147 1323 1233 quascunque
1340 1152 1392 1204 ter·

361 1268 434 1326 raS,
445 1240 572 1338 jubebo
585 1243 695 1314 avehi.
709 1277 722 1307 ι

406 1347 540 1424 Lx'vfl.
566 1355 710 1424 Delicta¹
730 1379 840 1452 neque
855 1357 1056 1426 observabat
1070 1358 1201 1440 omnia,
1218 1380 1327 1451 neque
1341 1379 1392 1448 pm

360 1464 461 1534 modo
480 1466 742 1564 exsequebatur:
762 1465 822 1536 sed
839 1466 1050 1536 desertorum
1067 1491 1107 1535 ac
1125 1466 1353 1536 seditiosorum
1368 1480 1395 1532 et

359 1579 535 1671 inquisitor
546 1595 579 1646 et
592 1579 729 1672 punitor
740 1581 945 1659 acerrimus,
960 1575 1160 1646 connivebat
1171 1579 1207 1644 in
1218 1579 1345 1646 ceteris.
1357 1579 1395 1644 Ac

359 1713 606 1784 nonnunquam
619 1706 697 1783 post
706 1714 864 1782 magnam
875 1712 1027 1784 pugnam
1041 1704 1142 1782 atque
1153 1690 1343 1771 victoriam,
1353 1709 1395 1753 re·

359 1799 461 1867 misso
472 1797 678 1868 ²0fficiorum
686 1797 1166 1881 munere,licentiamomnem
1176 1797 1395 1890 passimlasci·

359 1909 472 1976 viendi
487 1909 717 2002 permittebat;
729 1908 857 2001 jactare
875 1907 1009 1990 solitus,
1035 1906 1182 1979 «milites
1205 1931 1288 1976 suos
1310 1909 1396 1974 etiarn

358 2034 582 2111 unguentatos
603 2018 690 2086 bene
711 2044 864 2113 pugnare
884 2042 1028 2113 possem
1054 2041 1117 2086 nec
1135 2018 1254 2088 milites
1272 2043 1327 2088 eos
1344 2040 1396 2111 pro

360 2133 536 2212 concione,
554 2129 614 2198 sed
628 2129 793 2198 blandiori
807 2132 942 2200 nomine
957 2129 1182 2196 commilitones
1195 2128 1396 2223 appellabat3

359 2241 572 2336 habebatque
587 2259 657 2310 tam
675 2242 801 2323 cultos,
819 2256 857 2309 ut
872 2257 1011 2332 argento
1027 2256 1061 2307 et
1078 2265 1162 2308 auro
1178 2239 1293 2334 politis
1309 2240 1398 2307 armis

360 2368 514 2435 ornaret,
528 2352 629 2421 simul
642 2368 675 2418 et
686 2350 728 2420 ad
740 2352 924 2445 speciem³‚
937 2368 971 2418 et
976 2375 1045 2446 quo
1051 2353 1238 2418 tenaciores
1247 2351 1399 2420 eorumin

360 2463 478 2556 praelio
490 2479 601 2531 essent
615 2479 708 2530 metu
720 2461 846 2530 damni.
865 2461 1030 2553 Diligebat
1042 2485 1176 2556 quoqne
1189 2458 1398 2556 usqueadeo,

361 2591 414 2656 ut,
432 2571 546 2642 audita
561 2572 657 2642 clade
667 2577 856 2652 Tituriana,
874 2571 1013 2640 barbam
1029 2569 1260 2665 capillumque
1276 2569 1400 2638 summi·
1487 2672 1488 2675 Ἴ

395 2763 421 2812 3.
450 2760 624 2816 Venutissima
650 2781 724 2816 nave.
748 2757 862 2814 Gasenb.
907 2772 1010 2810 reret·
1035 2758 1192 2810 fleineccius
1215 2770 1307 2808 autern
1329 2755 1401 2826 (ant.

360 2839 864 2914 melnitdatisnm.Sedverbiimponere
908 2839 983 2888 llotn.
1008 2840 1038 2902 l,
1060 2837 1101 2887 tit.
1126 2837 1177 2901 16,
1199 2839 1214 2904 S
1238 2835 1291 2907 tr)
1320 2847 1402 2886 nostro
1486 2837 1487 2842 ’

361 2921 587 2972 constructionem
597 2939 658 2972 curn
668 2920 783 2974 ablativo
796 2938 865 2973 asse·
908 2917 969 2970 loco
992 2937 1047 2970 non
1071 2918 1278 2990 deportationem
1303 2915 1404 2989 proprie

362 2999 393 3050 eit
407 2996 532 3050 Oudend.
547 3015 627 3072 quem
639 2999 699 3052 vide
714 3000 748 3052 ad
761 2999 788 3052 h.
804 2997 821 3050 l.
838 3011 863 3051 et
909 2999 947 3049 sic
964 2997 1078 3063 dictam,
1098 2993 1230 3048 inventam
1250 2995 1357 3048 demum
1375 2992 1404 3044 ab

361 3075 395 3128 ad
414 3077 478 3128 Ges.
500 3076 564 3130 Bell.
584 3077 640 3130 ctv.
662 3079 713 3146 111,
733 3080 780 3146 143
799 3078 862 3132 Bell.
908 3079 1046 3148 Augusto,
1058 3075 1285 3140 suadenteLivia,
1299 3073 1403 3144 sedpoe

361 3154 445 3206 Afric.
465 3154 507 3220 54,
528 3157 615 3209 Possis
634 3158 712 3208 etiam
734 3158 865 3230 impositos
909 3177 970 3211 nant
1004 3156 1144 3230 quamdam
1177 3155 1404 3210 extraordinariam

361 3233 590 3286 absolutedictnm
599 3253 715 3302 censere,
723 3251 749 3288 et
753 3239 865 3307 jungere
908 3235 1105 3305 intelligendam
1123 3254 1195 3301 esse,
1209 3249 1282 3288 recte
1297 3235 1381 3287 docet.

361 3313 530 3366 vetutissima
549 3331 616 3366 nave
632 3313 716 3366 anelii.
733 3345 770 3355 -
787 3316 865 3368 Cete-
944 3315 1044 3366 vatt.
1060 3333 1081 3366 r.
1092 3313 1195 3366 Delicta
1205 3313 1405 3386 nequeoisem·

361 3411 434 3457 rum,
447 3390 499 3442 boc
512 3409 596 3461 poenoe
609 3409 692 3461 genus
704 3393 817 3446 Casanb.
832 3393 865 3446 il·
909 3394 952 3445 bat
962 3396 1052 3446 omnia
1057 3415 1066 3454 ‚·
1086 3412 1172 3464 neque
1185 3393 1329 3464 adjiciebat
1341 3395 1367 3444 in
1379 3409 1404 3443 ea

360 3472 456 3524 lustrat
465 3469 585 3541 plurimis
595 3471 735 3543 exemplis,
745 3491 759 3526 e
769 3472 865 3545 quibus
909 3475 1042 3540 animum,
1063 3491 1093 3526 ea
1110 3491 1165 3526 non
1181 3473 1307 3542 curabat,
1326 3489 1405 3544 neque

361 3548 478 3604 laudabo
491 3549 557 3600 Plin.
569 3551 693 3620 Panegyr.
706 3548 754 3614 34:
770 3549 865 3602 ·Con·
908 3552 1038 3624 puniebat
1050 3552 1093 3620 (id
1104 3565 1144 3605 est
1152 3554 1352 3626 exsequebatur)
1363 3567 1406 3622 pro

361 3629 532 3699 qestisnntin
542 3627 646 3698 navigia
654 3629 866 3702 raptimcopqui·
908 3631 1089 3704 magnitudine
1115 3631 1199 3703 enlpte
1223 3643 1250 3684 ct
1276 3651 1357 3704 poenae
1378 3631 1406 3680 iis

362 3710 426 3772 situ,
443 3719 473 3758 ut
488 3706 689 3777 tempestatibus
707 3705 790 3758 dediti
809 3705 866 3758 abi-
909 3711 1067 3762 constitutae.

362 3798 433 3850 rent,
445 3787 620 3858 fugerentque
629 3797 744 3837 vastatas
754 3783 865 3838 delatio·
945 3804 969 3837 a.
980 3784 1149 3857 Officiorum5
1160 3787 1334 3839 cestrensium
1342 3803 1407 3836 nem·

363 3864 441 3916 nibus
458 3879 556 3940 terras,
574 3884 621 3932 ac,
638 3867 659 3918 si
677 3883 755 3935 quem
767 3864 865 3918 fluctus
909 3863 1408 3935 pe;ntstationum,excubiarnm.Mi·

364 3960 395 3994 ac
409 3944 533 4011 procelle
545 3943 662 4014 scopulis
673 3957 863 4010 reservassent,
881 4008 883 4012 ι
910 3943 967 3995 lites
977 3961 1008 3995 ex
1020 3945 1190 4016 oppositione
1201 3943 1265 3994 dicit
1273 3945 1382 4014 passim,
1391 3940 1407 3990 i.

362 4019 426 4072 hine
437 4021 510 4074 nuda
523 4039 585 4075 saxa
597 4037 623 4074 et
633 4022 792 4095 inhospitale
803 4022 865 4074 litus
910 4039 933 4071 e.
947 4022 1002 4072 sine
1014 4021 1107 4074 ordine
1119 4023 1291 4075 lascivientes.
1507 4069 1508 4092 ÷

363 4097 507 4162 incoleret,
519 4115 609 4170 ageret
620 4101 715 4154 durem
727 4113 754 4154 et
763 4102 865 4153 anxiam
946 4100 971 4151 3,
991 4101 1087 4153 Darius
1101 4099 1266 4172 improbatur
1276 4099 1310 4150 ob
1322 4099 1407 4151 lusum
1507 4099 1508 4112 ³

363 4176 459 4242 sitam,
475 4175 618 4248 relictaque
634 4193 696 4250 post
711 4195 811 4251 tergum
825 4192 867 4230 to·
911 4180 951 4230 sui
961 4181 1101 4246 exercitus,
1113 4183 1174 4252 quia
1185 4182 1268 4232 victus
1277 4181 1343 4233 fuit:
1353 4178 1408 4231 lau-

365 4253 526 4324 tiusgenerie
537 4251 645 4306 hnmani
655 4259 795 4308 securitate
802 4273 867 4308 moe·
912 4255 990 4308 detur
999 4258 1098 4324 Caesar,
1112 4262 1173 4332 quia
1185 4261 1276 4312 victor.
