3040 5118
381 555 383 560 ’
492 573 741 658 *mumius
1081 596 1142 662 ssi

102 716 277 784 turbarum
294 732 387 784 metu
405 703 641 785 abolitionem3
658 719 737 785 focti
754 698 1149 803 decernentibus‚'etiam

102 824 145 893 de
156 829 301 920 praemiis
314 827 600 920 tyrannicidarum
613 827 828 895 referendum
842 831 982 896 censuit.
999 836 1149 898 Praeture

99 932 223 1002 'deinde
237 933 389 1015 binetus,
406 959 513 1029 quum
532 939 623 1002 exitu
638 937 719 1003 anni
736 933 901 1004 discordia
919 941 1006 1005 inter
1019 941 1150 1006 Trium-

103 1047 192 1112 viros
209 1061 323 1114 exorta
334 1062 436 1128 esset,
453 1049 589 1114 retentis
603 1046 690 1114 ultra
698 1043 829 1138 justum
845 1064 978 1141 tempus
994 1048 1149 1140 4insigni-

102 1156 182 1242 bus,
200 1161 238 1224 L.
256 1160 439 1225 Antonium
452 1157 651 1238 Consulem,
666 1160 848 1224 Triumviri
862 1159 1016 1242 fratrem,
1033 1159 1076 1226 ad
1090 1165 1150 1227 Pe·

102 1272 227 1338 rusiam
238 1288 388 1353 secutus,
401 1269 569 1338 deditione
582 1295 602 1338 a
616 1272 734 1338 ceteris
746 1270 848 1353 facta,
862 1272 954 1339 solus
965 1274 1152 1363 permansit

102 1382 136 1447 iu
156 1381 325 1472 partibus,
347 1405 386 1448 ac
406 1384 516 1475 primo
537 1387 721 1464 Praeneste,
745 1381 824 1448 inde
843 1383 1006 1476 Neapolin
1029 1367 1149 1464 euasit,

102 1496 275 1588 servisque
292 1494 336 1562 ed
355 1491 500 1588 ⁵pileum
518 1495 644 1562 frustra
662 1495 803 1577 vocatis,
825 1497 860 1562 in
879 1495 1022 1563 Siciliam
1042 1495 1152 1587 profu·

102 1605 159 1697 git.
173 1603 239 1672 Sed
253 1603 390 1698 indigne
403 1607 530 1688 ferens,
546 1630 608 1673 nec
620 1608 731 1673 statim
745 1630 781 1673 se
793 1608 828 1672 iu
842 1623 1060 1698 conspectum
1075 1609 1149 1673 Sex.

101 1714 251 1805 Pompeii
269 1712 471 1798 admissum,
491 1731 525 1781 et
545 1715 686 1782 inscium
705 1739 770 1782 usu
793 1713 1016 1808 prohibitum,
1038 1716 1080 1783 ad
1102 1723 1149 1783 M.

89 1799 286 1890 'Antonium
305 1821 435 1916 trajecit
448 1827 482 1891 in
498 1825 667 1894 Achaiam.
686 1829 871 1920 Cumque,
891 1825 984 1894 brevi
1002 1828 1151 1894 reconci·
1245 1816 1249 1827 '

102 1931 181 2000 liuto
190 1935 279 2001 iuter
287 1959 404 2003 omnes
413 1960 513 2029 pace,
526 1942 666 2004 Romam
679 1934 792 2020 rediit,
806 1940 1152 2031 uxoremqueLiviam

102 2041 301 2126 Drusillam,
320 2061 354 2113 et
365 2062 448 2114 tunc
462 2043 649 2138 gmvidam,
664 2064 697 2114 et
709 2064 787 2114 aute
798 2045 869 2138 jam
883 2045 973 2141 apud
992 2071 1028 2114 se
1043 2047 1152 2115 lilium
1219 2081 1224 2092 =

103 2157 254 2238 enixam,
267 2157 414 2248 petenti⁶
425 2164 575 2252 Augusto
587 2161 761 2226 concessit.
775 2161 843 2226 Nec
855 2159 962 2228 multo
975 2176 1051 2252 post
1062 2160 1152 2226 diem

103 2265 202 2349 obiit,
226 2283 371 2364 utroque
396 2267 579 2338 liberorum
600 2272 795 2363 superstite,
819 2262 952 2337 Tiberio
975 2277 1153 2364 Drusoque

104 2377 305 2447 Neronibus.
1138 2468 1141 2479 μ

149 2492 190 2555 V.
217 2487 390 2556 Tiberium
411 2490 548 2585 quidam
570 2490 697 2558 Fundis
720 2508 838 2558 natum
861 2493 1171 2573 existimaverunt,

140 2714 166 2766 3.
176 2712 354 2767 Abolitionem
361 2713 447 2785 facts}
456 2713 483 2765 id
493 2726 546 2777 est,
560 2711 608 2779 ἐμ·
653 2725 707 2766 tate
717 2712 787 2766 datu.
797 2713 861 2764 Vide
868 2711 1028 2764 Freinshem.
1038 2711 1072 2763 ud
1081 2711 1153 2764 Flor.

104 2791 213 2857 mitt,
221 2810 301 2862 quum
307 2792 402 2844 Cicero
412 2807 537 2845 suaserat.
545 2795 609 2844 Tor
653 2797 691 2859 ll,
703 2795 736 2859 6,
747 2794 791 2845 30.
802 2795 880 2844 -In
892 2791 1010 2845 Siciliam
1020 2791 1155 2865 prosapia

106 2883 172 2924 rent.
178 2871 251 2942 facti
259 2870 435 2924 adulterinum
446 2873 608 2944 suspicatum
653 2891 714 2923 cum
732 2872 804 2922 Livia
823 2873 947 2941 conjuge.
968 2870 1008 2922 Ad
1022 2870 1074 2921 boc
1093 2867 1157 2921 Vel-

105 2950 175 3021 Lips.
192 2949 316 3002 emendat
330 2951 486 3004 oblivionem
495 2989 503 3015 ,
523 2966 554 3003 ut
570 2963 610 3004 est
653 2951 736 3018 leius,
750 2953 788 3016 11,
804 2950 852 3020 75:
871 2951 958 3018 «Quis
973 2952 1085 3002 fortune
1099 2968 1157 3002 mu-

106 3029 198 3082 Cieud.
219 3047 264 3095 rt,
279 3043 304 3082 et
323 3030 395 3102 apud
414 3031 521 3083 Cor-nel.
540 3034 608 3102 Nep.
653 3031 849 3100 tationes,quis
859 3029 955 3081 dubios
963 3048 1049 3081 rerum
1060 3027 1156 3080 huma·

105 3107 237 3182 Thrasyl».
257 3109 282 3160 3.
302 3110 370 3162 Sans
389 3110 496 3182 quidem
509 3111 609 3162 factum
654 3127 748 3159 nurum
769 3125 846 3160 casus
868 3110 930 3160 setis
952 3109 1039 3160 mirari
1061 3109 1158 3181 queat?

107 3189 142 3240 its
151 3188 253 3241 aboleri
264 3191 371 3260 nequit,
382 3201 411 3240 ut
420 3190 548 3240 iniectum
556 3188 611 3240 red·
656 3188 713 3258 quis
721 3205 775 3238 non
784 3185 886 3238 diversa
896 3189 1084 3257 presentibus,
1094 3205 1158 3239 con-

107 3266 200 3329 datur3
224 3267 271 3320 sed
289 3267 390 3320 abolere
409 3269 552 3338 sepissime
572 3280 612 3320 est
656 3267 1158 3336 truriaqucexspectatisoutsperet,out

107 3359 209 3400 tuntum
221 3349 373 3399 memoriam
382 3347 492 3420 alicttjus
504 3349 541 3399 rei
552 3348 611 3400 abo-
654 3346 761 3395 timeat?
774 3345 874 3396 Livia...
891 3364 969 3416 quum
984 3360 1079 3416 postes
1094 3364 1159 3398 cou-

108 3425 170 3493 lerc,
187 3439 218 3478 ut
234 3426 291 3496 ipse
307 3425 410 3497 phrasis
422 3426 524 3478 abolere
535 3425 611 3477 dede-
650 3427 740 3494 jugem
756 3426 868 3493 Augusti
880 3424 1033 3477 vidimus...
1047 3438 1101 3477 tum
1112 3425 1157 3478 iu-

107 3525 149 3560 eus
164 3507 277 3576 vatisque
300 3506 419 3577 exempla
441 3505 539 3558 docent
552 3543 560 3570 ‚
582 3508 609 3556 in
653 3507 741 3576 giem,
753 3524 814 3556 mox
825 3506 906 3558 futuri
919 3508 974 3570 sui,
984 3507 1091 3559 Cir-saris
1103 3526 1159 3559 mu·

108 3587 203 3656 quovis
216 3583 303 3636 lexico
320 3584 490 3656 reperiunda.
654 3601 718 3648 nus,
728 3581 829 3634 bimum
838 3583 910 3635 hunc
922 3583 1057 3636 Tiberium
1071 3586 1157 3637 Cnse-

142 3665 168 3730 4.
187 3663 348 3736 Ιπείφηίὺιιες
361 3663 492 3728 fascibus,
505 3681 572 3736 quos
582 3663 610 3714 in
655 3680 724 3726 rcrn,
734 3661 866 3714 vindicem
877 3663 979 3714 romoni
990 3664 1107 3734 imperii,
1119 3665 1160 3715 fu·

108 3742 180 3796 Urbe
195 3741 264 3794 duos
279 3744 404 3795 Pretoms
417 3741 568 3807 habebant,
583 3745 610 3794 iu
655 3754 797 3814 torumque
810 3743 926 3813 ejusdem
941 3743 1049 3796 Caesaris
1061 3742 1159 3812 filium,

109 3825 251 3894 provinciis
266 3841 319 3874 sex.
333 3825 400 3874 Hinc
416 3841 477 3873 mox
494 3822 569 3874 illum
583 3825 611 3875 iu
655 3834 760 3892 gestans
772 3823 846 3889 sinu,
858 3841 906 3892 per
918 3825 975 3873 avis
987 3823 1112 3876 itinerum
1121 3825 1159 3876 vi-

108 3903 195 3956 Sicilie
202 3901 319 3974 fascium
331 3921 377 3956 usu
386 3903 549 3974 prohibitum
562 3921 609 3954 su·
655 3902 717 3952 tatis
728 3899 838 3951 militum
847 3899 956 3972 gladiis,
967 3919 1021 3952 uuo
1030 3905 1160 3956 comitan-

109 3995 166 4035 ctor
180 3982 254 4036 dicit.
657 3995 697 4043 te,
709 3997 763 4050 quo
776 3978 880 4030 l'ucilius
892 3978 1070 4032 occultaretur
1082 3983 1160 4052 iuge,

145 4064 169 4116 5.
178 4058 377 4131 Arpinum-ad
388 4079 474 4122 arura,
484 4062 610 4131 promisso
657 4057 820 4129 pervenitad
832 4077 920 4122 marc,
934 4071 1031 4112 etcum
1042 4062 1096 4112 viro
1108 4061 1161 4113 Ne-

110 4137 237 4192 libsrtate.
245 4137 332 4189 l'ileus
342 4139 412 4189 enim
423 4139 527 4207 siguum
536 4137 613 4190 liber·
657 4155 722 4188 rone
734 4152 855 4208 pervecta
870 4139 896 4188 in
911 4137 1027 4191 Siciliam
1039 4154 1087 4193 cst.
1100 4163 1110 4186 ι

111 4220 179 4271 tutis.
198 4219 399 4288 Nonnunquam
416 4231 506 4270 autern
522 4220 549 4269 in
569 4235 612 4270 ex·
692 4219 717 4271 6.
732 4219 836 4271 Petenti
846 4219 964 4294 Augusto
976 4223 1106 4275 concessit.
1120 4221 1161 4276 cf.

111 4297 285 4352 tremicrcbus
294 4301 373 4352 serris
382 4317 453 4351 arura
464 4318 523 4351 cum
534 4297 613 4351 liber·
659 4297 692 4352 od
705 4303 815 4370 August.
828 4317 887 4370 cup.
898 4298 941 4352 62.
