3036 5124
438 549 806 618 excursosxvr.
919 549 922 556 ⁴
1082 559 1204 649 479·

96 695 184 736 eastra
194 679 298 754 ampla,
309 697 359 734 nec
366 677 599 752 Amphitheatrnm
613 677 733 733 haberet.
748 677 826 732 Unde
840 697 904 752 ergo
914 679 954 734 ibi
964 677 1021 734 ludi
1032 696 1151 740 carnen-

95 765 157 817 scri
166 761 254 814 Facile
268 759 375 833 quidem
387 773 476 833 patet,
490 761 555 814 istor
568 759 647 814 ludos
664 756 721 813 tum
734 779 798 814 casn
816 774 889 814 actos
906 780 978 829 esse,
994 781 1051 816 non
1063 765 1150 820 Roma

96 863 130 914 ορ
140 840 298 908 translator,
310 839 384 914 quod
398 844 501 913 injurru
513 841 613 897 Tiberii
624 841 682 894 fieri
693 861 747 896 non
757 843 895 914 potuisset.
907 845 961 896 Hos
970 844 1050 898 ludos
1061 859 1150 902 entem

97 924 200 994 injussu
210 922 270 992 ejus
286 921 433 974 celebrator
446 939 520 987 esre,
535 922 704 974 manifestum
719 935 764 974 rat.
778 923 847 974 Nam
863 924 946 994 siper
959 925 1048 996 ipsum
1063 928 1150 980 stetis-

96 1015 152 1069 aet,
164 1021 309 1072 numquam
326 1015 381 1054 tnm
398 1000 455 1067 ludi
469 1003 522 1054 acti
535 1001 657 1054 fuissent.
673 1001 724 1056 Sed
739 1021 822 1074 quum
840 1001 969 1056 adrentus
987 1005 1043 1076 ejus
1058 1006 1151 1058 incur-

96 1095 167 1135 reret
179 1083 206 1132 in
225 1080 351 1134 ludorum
363 1081 435 1146 dier,
452 1081 575 1135 consulto
588 1083 618 1135 iis
637 1081 773 1150 interfuit,
792 1102 826 1135 nc
840 1082 928 1136 morbi
939 1087 1055 1156 euspicio
1071 1099 1147 1139 erret.

96 1163 209 1227 Fateor,
225 1163 288 1214 mihi
299 1161 332 1214 de
347 1162 387 1215 his
400 1161 468 1215 indis
485 1181 539 1216 non
554 1163 663 1236 liquere.
684 1163 814 1218 Militares
832 1163 935 1218 iudosa
954 1165 1050 1218 Severo
1068 1166 1150 1220 nataii

95 1241 169 1294 Geta
181 1241 274 1308 dator,
285 1243 431 1313 propositis
446 1243 576 1313 praemiis,
594 1255 784 1295 commemorat
802 1241 969 1314 Capitolinus
983 1245 1011 1295 in
1027 1245 1150 1296 Maximi-

95 1321 154 1386 nir,
170 1339 194 1372 c.
211 1337 235 1373 α.
249 1320 301 1374 Sed
310 1323 342 1373 iit
359 1319 454 1374 militet
469 1323 539 1374 inter
549 1341 578 1378 ae
587 1341 660 1375 more
674 1324 796 1376 Romano
807 1327 886 1377 armis
897 1330 1050 1392 certarunt,
1061 1338 1091 1376 ut
1106 1343 1151 1376 se·

96 1401 208 1472 quentia
218 1399 325 1460 docent.
341 1403 407 1453 Ena.
422 1404 520 1470 Recte,
538 1404 648 1475 opinor,
662 1403 868 1476 Oudendorpius
884 1419 911 1457 ct
921 1403 1094 1458 Ruhnkeniue
1105 1408 1150 1476 ju·
1183 1435 1187 1444 ·

95 1479 204 1545 dicant,
223 1478 301 1532 ludos
320 1478 370 1534 hoe
389 1494 493 1534 tantum
517 1481 702 1538 delectationis
718 1496 744 1536 et
761 1485 809 1537 otii
827 1481 936 1538 fallendi
962 1502 1055 1538 caussa
1075 1497 1149 1552 actos

96 1577 156 1613 esse
169 1578 186 1611 o
197 1558 323 1612 militibus
333 1563 514 1629 stationariis,
528 1564 555 1614 in
567 1564 627 1615 foro
638 1565 800 1618 Circeiornm
812 1582 893 1617 arena
905 1581 1015 1636 sparto,
1026 1561 1148 1637 adeoque

94 1651 197 1692 temere
211 1639 255 1692 hic
271 1640 336 1712 fingi
354 1640 594 1715 Amphitheatrnm.
606 1646 698 1698 Wonr.
