3036 5124
482 557 725 623 Truentus.
1063 565 1125 644 441

80 684 147 750 fere
158 682 272 766 vultu,
291 683 494 777 plerumque
506 687 645 753 tacitus:
663 683 760 753 nullo
773 699 833 752 aut
848 687 1018 755 rarissimo
1031 692 1132 756 etiam

81 817 158 859 cum
167 795 330 884 proximis
342 816 515 876 sermone,
531 818 639 889 eoque
651 794 862 880 tardissimo,
875 820 939 863 nec
953 800 1025 866 sine
1039 798 1133 867 molli

82 901 226 997 quadam
246 901 427 996 digitorum
449 904 715 996 gesticulatione.
740 910 825 992 Quae
847 910 960 975 omnia
983 911 1132 1001 ingrate,

81 1029 179 1108 atque
191 1018 391 1106 arrogantiae
402 1015 520 1108 plena,
534 1015 584 1085 et⁶
596 1016 834 1086 animadvertit
843 1023 1015 1110 Augustus
1028 1023 1062 1088 in
1075 1045 1132 1104 eo,

82 1145 114 1196 et
136 1152 297 1197 excusare
319 1133 459 1199 tentavit
478 1156 568 1225 saepe
591 1131 683 1226 apud
704 1136 864 1202 Senatum
884 1158 924 1202 ac
944 1133 1134 1228 populum,

82 1242 269 1335 professus,
293 1260 449 1312 «naturae
467 1247 548 1312 vitia
567 1268 656 1328 esse,
679 1272 749 1314 non
767 1249 911 1314 animis»
934 1246 1135 1317 Valetudine

82 1358 310 1446 prosperrima
321 1379 405 1424 usus
417 1373 485 1440 est,
501 1375 654 1451 tempore
668 1358 806 1454 quidem
819 1362 1029 1452 principatus
1038 1383 1135 1453 paene

25 1469 28 1478 '
84 1479 152 1531 toto
162 1488 271 1558 prope
285 1465 406 1549 illaesa3
422 1470 595 1561 quamvis⁷
609 1493 630 1535 a
643 1471 813 1538 tricesimo
828 1471 935 1537 aetatis
949 1494 1040 1537 anno
1051 1469 1137 1538 arbi-

85 1591 170 1642 tratu
190 1601 267 1646 eam
285 1601 348 1646 suo
366 1582 508 1660 rexerit,
528 1582 601 1647 sine
619 1577 815 1673 adjumento
834 1575 1016 1650 consiliove
1033 1580 1138 1650 medi·

85 1711 210 1756 corum.

129 1803 245 1866 LXIX.
271 1803 368 1868 Circa
385 1804 474 1869 Deos
495 1826 535 1869 ac
553 1801 731 1895 religiones
749 1801 989 1895 negligentior3
1011 1805 1137 1900 quippe
1200 1817 1201 1822 ’

86 1906 253 1977 addictus¹
273 1909 535 1993 mathematicae,
553 1910 743 2007 plenusque
756 1916 1000 2006 persuasionis,
1015 1907 1140 1983 cuncta

86 2021 152 2088 fato
171 2025 238 2113 egi.
259 2025 424 2091 Tonitrua
442 2041 555 2092 tamen
574 2040 698 2117 praeter
715 2021 857 2092 modum
877 2026 1137 2118 expavescebat:

89 2147 121 2200 et
132 2133 317 2201 turbatiore
331 2133 415 2202 caelo
433 2151 634 2230 nunquam²
653 2160 722 2203 non
740 2158 902 2204 coronam
919 2136 1071 2204 lauream
1089 2161 1141 2206 ca-

88 2245 153 2336 pite
161 2243 421 2340 gestavit,quod
430 2246 572 2314 fulmine
579 2245 687 2314 afflari
694 2245 878 2339 negeturid
885 2248 1140 2340 genusfrondis.

133 2358 234 2422 LXX.
261 2360 356 2423 Artes
371 2352 527 2424 liberales
538 2358 731 2450 utriusque¹
751 2359 883 2448 generis
900 2355 1143 2426 studiosissime

90 2619 175 2676 pretes
188 2619 311 2674 vertunt,
329 2607 376 2662 -la
390 2612 444 2663 tete
458 2608 555 2676 haute,
569 2623 596 2662 st
640 2608 761 2682 quedam
772 2610 806 2662 de
818 2609 911 2663 habitu
922 2608 1049 2681 cultuque
1063 2621 1089 2660 et
1103 2611 1144 2660 in-

94 2689 283 2740 nccenter-see·
299 2691 349 2742 Hic
365 2704 404 2743 est
417 2693 534 2744 incessus
549 2711 595 2745 eu·
640 2690 737 2742 stitutis
750 2690 806 2758 ejus
814 2690 930 2757 jecerat,
944 2704 1001 2759 quae
1015 2685 1086 2738 velut
1100 2705 1145 2739 ex-

90 2766 185 2836 perbiae
201 2781 230 2819 et
247 2771 403 2838 arrogantior
422 2769 526 2840 plenus.
544 2768 596 2824 Sed
642 2766 761 2818 cusando
774 2767 969 2839 exprobraret.-

92 2845 187 2918 odttipa
197 2846 269 2898 idem
280 2848 597 2902 sonatacinclinatnver-
678 2863 702 2916 7.
724 2846 849 2916 Quamvis
861 2867 879 2896 a
892 2856 923 2896 tr.
937 2855 977 2896 oet.
990 2862 1062 2896 anno
1069 2882 1079 2911 ‚
1095 2857 1145 2896 etc.

93 2941 136 2976 tus
142 2922 294 2977 humerum.
306 2926 346 2979 Cf.
356 2928 448 2979 Horat.
459 2926 597 2996 Sat,11‚5‚
642 2924 727 2976 Tacit.
735 2924 860 2990 Aumvl,
868 2922 918 2991 46:
932 2946 943 2968 ι
952 2920 1050 2976 Solitus
1059 2922 1148 2975 elude-

93 3019 140 3073 9a,
148 3002 277 3076 aliosque.
288 3005 344 3076 Ego
354 3024 414 3058 cum
422 3005 461 3058 Cl,
469 3008 597 3081 Μοηφι,
642 3001 843 3054 remedicornm
854 3013 1025 3072 artes‚etque
1033 3020 1092 3069 eos,
1101 3004 1149 3073 qui

94 3082 212 3158 Iconoqr.
228 3101 294 3137 rom.
308 3099 450 3152 verterem,
465 3086 599 3139 immobile
642 3094 706 3154 post
722 3082 882 3133 tricesimum
899 3081 981 3133 {etatis
1001 3099 1100 3132 annum
1114 3081 1149 3133 ad

94 3163 598 3236 etpencltde.Moxadductusvultus'est
643 3161 844 3215 internoscenda
853 3162 1016 3236 corporisuo
1025 3161 1149 3216 utiliavel

95 3241 128 3294 ad
148 3243 316 3295 severitatem
335 3245 507 3315 compositus.
532 3244 597 3298 Vide
643 3245 721 3295 noxia
732 3240 810 3294 alieni
820 3241 924 3294 consilii
933 3241 1111 3312 indigerent.-

95 3321 163 3392 Lips.
182 3320 217 3372 ad
235 3323 320 3374 Tacit.
340 3322 408 3373 Anu.
426 3323 503 3390 xlv,
520 3324 552 3391 d,
572 3336 599 3377 et
679 3323 771 3374 LXIX.
785 3321 1149 3375 1.Addictusmatlrematicoe.

95 3402 161 3452 Hist.
176 3404 228 3467 111,
245 3418 277 3470 7,
295 3400 357 3467 ubi,
377 3405 490 3454 excitato
506 3416 598 3456 nostro
643 3403 710 3456 Vide
720 3414 812 3455 notate
825 3421 905 3473 supra
915 3399 950 3454 ad
963 3421 1023 3472 cap.
1039 3403 1078 3470 ¹4·

95 3479 598 3554 loco,adductumvu1tumgravemeese
681 3481 1150 3552 2.Nunquamnon...9estavit.Plin.

97 3559 599 3635 docet,seriumetseverum‚quiaala-
645 3558 1151 3631 H.N.XV‚30(40):«Tiberiumprin-

98 3659 167 3708 cres,
181 3659 288 3704 comes,
303 3640 393 3694 fronte
409 3640 464 3692 fere
479 3654 541 3692 sunt
555 3660 601 3694 ex·
646 3641 731 3711 cipem
744 3651 855 3692 tonante
865 3638 928 3690 caelo
941 3640 1064 3689 coronari
1076 3637 1151 3690 lauro

97 3733 219 3791 porrecta
232 3731 258 3773 et
273 3718 390 3786 diffusa,
404 3733 496 3771 contre
514 3721 600 3774 tristes
646 3719 753 3770 solitum
779 3719 870 3770 ferunt
893 3729 987 3769 contra
1010 3716 1153 3770 fulminum
1228 3730 1231 3737 '

99 3812 123 3853 et
137 3801 221 3853 severi
235 3811 373 3852 contrecta
388 3812 414 3852 et
427 3798 552 3852 adducta.
647 3813 742 3852 metus.
753 3823 764 3848 ι
777 3801 855 3851 Conf.
865 3797 899 3850 ad
908 3797 1021 3868 August.
1037 3817 1096 3869 cap.
1109 3815 1153 3869 90.

132 3879 158 3932 6.
177 3879 214 3931 Et
228 3877 415 3930 arrimadvertit
426 3878 556 3950 Augustus
573 3880 603 3930 in
682 3879 762 3932 LXX.
777 3897 798 3930 1.
812 3878 950 3951 Utriusque
956 3877 1155 3950 generiswol-

100 3978 142 4021 eo,·
150 3977 210 4010 cum
217 3956 523 4030 reprehensione'l'ecit.
532 3957 602 4010 Anu.
648 3959 700 4010 lius
710 3977 770 4010 cum
781 3958 898 4010 Perizon.
909 3958 1048 4010 oratoriam
1060 3972 1086 4010 et
1093 3976 1157 4029 poe-

100 4039 125 4104 l,
139 4054 186 4090 to:
199 4037 372 4107 «Augustus,
382 4040 476 4109 paucis
487 4049 547 4089 ante
558 4056 604 4088 an·
651 4039 728 4090 ticam
747 4035 885 4108 intelligit;
906 4039 1010 4088 Ernest.
1036 4038 1156 4088 Groecum

100 4118 153 4183 nis,
165 4136 247 4190 quum
257 4115 363 4169 Tiberio
376 4115 544 4168 tribuniciam
556 4135 605 4188 po·
650 4132 676 4172 et
684 4119 808 4172 Latinum
818 4136 970 4172 sermonem.
982 4120 1037 4169 Hoc
1045 4119 1156 4190 prefero

102 4209 220 4249 testatem
232 4216 247 4248 a
260 4194 383 4250 Patribus
395 4214 499 4250 tursum
511 4211 606 4268 postu·
652 4200 686 4251 oh
704 4199 793 4251 locum
809 4196 893 4270 Calig.
908 4197 942 4262 3,
958 4197 1114 4267 «ingenium
1129 4198 1157 4248 in

102 4277 181 4345 leret,
189 4297 350 4352 quamquem
359 4278 464 4332 honora
474 4278 605 4344 oratione,
652 4291 760 4352 utroque
769 4275 925 4351 eloquentie
934 4277 1108 4350 doctrinaeque
1115 4295 1158 4350 qe·
