3122 5134
163 583 1223 642 mmmmmv'unmmmmumwwmmmmu

493 877 892 993 PRAEFATIO

429 1191 594 1290 NOVI
625 1195 959 1293 EDITORIS.

164 1728 428 1841 SUETONIUM
453 1775 500 1832 ut
520 1753 749 1850 ederemus,
776 1751 903 1830 multa
921 1754 1085 1860 quidem
1107 1757 1224 1837 nobis

161 1899 333 1978 aderant
350 1897 517 1977 auxilia:
538 1927 614 1978 nec
631 1920 766 1977 tamen
786 1900 872 1975 sine
887 1901 1030 1978 timore
1047 1900 1224 2008 quodam

163 2047 443 2152 reputavimus
467 2064 567 2150 quot
596 2063 636 2120 et
663 2039 804 2150 quales
828 2045 904 2120 viri
930 2041 1155 2123 doctrinam
1177 2049 1220 2123 in

161 2185 459 2265 recensendum
476 2184 841 2296 explicandumque
860 2187 971 2265 hunc
988 2191 1223 2297 scriptorem

161 2335 470 2410 convertissent.
497 2333 749 2438 Arrogantiae
774 2331 883 2408 enim
910 2330 1040 2412 videri
1068 2352 1224 2439 poterat

158 2477 207 2552 in
247 2475 442 2555 diversam
479 2480 719 2556 sententiam
753 2474 963 2584 judicare3
999 2475 1221 2576 tarditatis,

158 2622 341 2726 vestigiis
372 2649 514 2700 corum
551 2648 846 2728 usquequaque
879 2623 1071 2699 insistere.
1111 2623 1221 2698 Tum

159 2761 517 2870 intelligebamus,
555 2767 784 2871 argumenti
818 2767 987 2842 varietas
1026 2783 1221 2870 quantem

159 2934 250 2984 non
262 2907 438 2985 historiae
451 2927 629 3003 tantum,
647 2906 717 2985 sed
733 2909 863 2985 omnis
878 2909 972 2985 vitae
988 2909 1129 3014 reique
1139 2907 1221 2986 Ro-

156 3077 297 3126 manae
321 3078 451 3156 quum
471 3045 667 3158 publicae,
692 3069 780 3125 tum
808 3051 975 3156 privatae
994 3053 1219 3155 requireret

155 3193 448 3298 cognitionem.
464 3191 713 3269 Noveramus
728 3188 924 3294 denique,
943 3218 1068 3296 quam
1081 3187 1219 3268 multis

154 3335 206 3410 in
220 3329 319 3411 locis
336 3330 399 3410 vel
416 3330 575 3410 residua
593 3333 784 3409 orationis
803 3328 1052 3439 corruptela,
1067 3329 1131 3409 vel
1147 3361 1220 3410 reu

156 3504 255 3554 rum
274 3478 452 3584 ipsarum
465 3471 685 3553 difficultas
702 3502 848 3553 vanam
863 3471 1033 3552 aliorum
1050 3503 1214 3582 operam

155 3615 408 3695 reddidisset.

212 3760 293 3839 Sed
312 3765 532 3840 maximum
549 3760 666 3840 nobis
680 3762 961 3870 adjumentum
979 3761 1214 3842 conferebat

152 3906 222 3982 vir
249 3902 461 3982 abundans
490 3902 674 3982 doctrina
700 3905 1212 4005 municimen-Cnosius,

152 4073 282 4152 quem
300 4065 504 4125 contracta
525 4075 617 4124 cum
633 4045 827 4126 Suetonio
845 4077 868 4124 a
880 4051 1029 4126 teneris
1042 4047 1214 4127 familia-

152 4191 271 4292 ritas,
288 4209 329 4267 et
336 4219 408 4298 per
421 4187 649 4299 complures
662 4220 790 4270 annos
801 4190 964 4300 publica
978 4194 1214 4303 interpreta·

1003 4361 1022 4404 A
