3122 5134
340 445 431 492 xxxu
577 418 1144 504 REGENSUSEDITIONUM

339 547 496 631 Philippi:
516 565 574 606 aere
592 565 665 606 vero
681 565 804 606 necnon
825 543 972 626 impensis
989 543 1260 626 integerrimorum
1277 537 1390 600 Biblio-

340 645 486 729 polarum
500 643 644 704 Lodovici
659 643 811 702 Hornken
824 656 854 704 et
867 641 1036 702 Godofredi
1047 641 1205 723 Hittorpii.
1218 661 1252 700 u.
1263 660 1293 700 n.
1305 659 1362 700 ιιι.
1373 661 1387 693 s

341 745 564 807 Ful-Exstat
578 742 611 802 in
623 741 702 802 bibl.
716 741 807 802 dead.
821 739 1014 822 Heidelberg.
1030 740 1122 802 Plura
1137 740 1176 800 de
1189 737 1247 800 bac
1264 736 1313 798 ed.
1325 735 1388 797 vid.

343 864 391 925 ap.
407 841 604 924 Freytagium
616 842 650 900 in
663 842 808 922 Apparet.
822 841 867 900 lit.
879 842 914 899 Τ.
927 840 986 914 lll,
998 861 1028 922 p.
1041 841 1099 900 655
1112 858 1177 921 sqq.

388 936 471 1014 1514.
487 935 646 998 Suetonius
659 935 698 996 de
711 936 800 996 claris
818 937 1036 1018 grammaticis.
1050 935 1130 996 Cum
1146 933 1249 994 Plinio
1265 931 1305 993 de
1318 932 1393 991 viris

343 1034 513 1096 illustribus
539 1047 569 1094 et
590 1032 652 1094 lul.
677 1033 878 1115 Obsequente.
903 1033 1097 1114 Argentorati
1119 1031 1204 1122 apud
1228 1026 1392 1090 Matthiam

345 1131 552 1193 Seburerium.
564 1132 593 1205 4.
605 1166 644 1175 -
656 1132 775 1190 Pauzer
785 1133 820 1191 Τ.
828 1133 885 1207 Vl,
898 1153 928 1213 p.
940 1132 989 1192 68.

390 1228 473 1288 1515.
496 1228 530 1287 C.
554 1227 690 1288 Suetonii
710 1226 884 1309 Tranquilli
908 1227 946 1287 de
968 1226 1030 1287 vita
1052 1224 1215 1288 duodecim
1238 1224 1400 1310 Comum

347 1323 431 1386 Libri
443 1327 511 1386 Xll.

491 1495 624 1547 Caesareos
639 1511 780 1564 proceres,
794 1494 823 1545 in
838 1510 952 1564 quorum
966 1511 1047 1565 regno
1060 1492 1183 1546 secundis

492 1573 653 1626 Consulibus
666 1571 767 1625 dudum
782 1575 902 1626 Romana
916 1575 1035 1646 potentia
1048 1575 1142 1641 cessit,

490 1655 592 1723 Accipe
604 1653 645 1704 bis
657 1671 753 1721 senos,
766 1671 813 1706 aua
828 1672 962 1726 quemque
973 1657 1120 1707 monastica
1135 1656 1227 1726 signat.

492 1733 612 1800 Quorum
626 1753 675 1805 per
690 1733 796 1804 plenam
808 1736 900 1786 seriem
915 1735 1056 1787 Suetonius
1070 1734 1133 1786 olim

493 1815 626 1880 Nomina,
642 1833 683 1866 res
694 1827 799 1886 gestat,
811 1817 946 1888 vitamque
959 1817 1113 1888 obitumque
1125 1816 1236 1888 peregit.

354 1974 426 2035 Heec
444 1975 479 2032 in
497 1972 611 2034 fronte.
628 1971 673 2033 dd
690 1974 826 2034 calcem:
848 1975 907 2035 «G.
924 1975 1062 2036 Suetonii
1075 1973 1250 2056 Tranquilli
1269 1970 1309 2033 de
1324 1969 1401 2033 duo·

355 2069 454 2130 decim
473 2069 710 2154 imperatoribus
729 2069 811 2131 finis.
830 2071 1034 2153 Argentorati.
1055 2075 1100 2132 Ex
1117 2071 1243 2132 AEdibus
1261 2066 1401 2130 Matthia

232 2189 236 2197 ¹
355 2166 519 2228 Scburerii.
536 2189 639 2229 mense
657 2169 782 2229 Martio.
797 2191 831 2229 u.
847 2190 877 2230 n.
893 2192 945 2231 xv.
960 2183 1107 2252 regnante
1120 2171 1312 2252 Imperatore
1328 2168 1402 2227 Caes.

355 2263 571 2325 Maximiliano
584 2266 618 2324 P.
630 2266 663 2323 F.
678 2267 754 2346 Aug.
765 2291 779 2322 o
795 2263 824 2341 4.
834 2299 872 2312 ·-
884 2268 1026 2326 Servatur
1037 2269 1070 2327 in
1083 2263 1229 2327 Biblioth.
1242 2267 1403 2346 Argentor.

356 2363 506 2446 Repetitio
518 2363 640 2422 videtur
651 2383 713 2424 esse
724 2365 874 2439 Juntinae‚
889 2365 961 2446 quia
973 2366 1077 2426 Tuccii
1088 2364 1229 2448 praeiatio
1241 2362 1405 2447 praeposita

358 2472 419 2537 est,
437 2463 491 2521 etsi
506 2461 545 2521 ab
559 2482 594 2522 ea
611 2461 764 2522 interdum
777 2465 810 2522 in
823 2462 940 2524 levibus
951 2464 1040 2524 rebus
1052 2464 1198 2525 discedat.

398 2591 438 2604 -
452 2558 485 2618 C.
500 2560 638 2619 Suetonii
652 2561 825 2643 Tranquilli
841 2562 909 2622 vitae
926 2562 1089 2623 duodecim
1106 2565 1262 2624 Caesarum
1277 2559 1406 2642 diligen-

360 2655 475 2716 tissime
487 2657 661 2738 recognitse.
674 2691 711 2702 -
723 2657 761 2716 ln
773 2655 853 2720 fine:
867 2657 1075 2741 «impressum
1086 2661 1264 2734 Florentiae,
1276 2677 1370 2740 opera
1379 2667 1410 2716 et

360 2767 487 2837 sumptu
501 2753 635 2837 Philippi
649 2756 762 2817 Juntae.
777 2757 869 2817 Anno
884 2777 901 2816 a
915 2758 1080 2818 Nativitate
1095 2779 1124 2819 n.
1138 2777 1190 2819 xv.
1206 2777 1297 2840 supra
1312 2753 1407 2814 mille.

334 2869 339 2881 “
362 2853 467 2913 Mense
485 2854 599 2914 Martii.
617 2857 718 2914 Leone
732 2853 853 2915 decimo
866 2854 1024 2918 Pontifice.
1035 2880 1049 2913 o
1065 2858 1094 2918 8.
1106 2890 1145 2903 -
1160 2859 1274 2917 Panaer
1287 2854 1323 2912 T.
1336 2852 1409 2931 Vll,

363 2971 393 3032 p.
412 2970 460 3009 21.
474 2950 624 3031 Repetitio
639 2948 687 3013 ed.
698 2953 836 3012 Juntinae
854 2951 939 3014 1510.

404 3081 442 3089 —
454 3046 615 3105 Suetonius
628 3044 666 3106 de
678 3045 765 3106 claris
777 3047 992 3108 Grammaticis
1005 3061 1035 3110 et
1047 3049 1247 3128 Rhetoribus,
1262 3071 1335 3110 cum
1348 3048 1410 3109 Pli-

364 3141 409 3201 nii
423 3141 583 3224 Epistolis,
596 3155 651 3203 etc.
665 3143 847 3222 Florentiae,
859 3167 908 3228 ap.
921 3144 1000 3207 Phil.
1013 3148 1151 3209 duntarn.
1166 3152 1194 3212 8.

568 3319 686 3386 AETAS
711 3322 753 3387 ll.
777 3322 1212 3393 EGNATIO-ERASMICA.
1281 3361 1284 3368 ⁴

784 3469 905 3530 1516-
917 3471 1003 3550 1594.

409 3639 512 3718 Quam
523 3652 590 3722 post
601 3641 630 3700 J.
643 3635 729 3723 Bapt.
742 3644 926 3725 Egnatium,
939 3643 1058 3706 Aldiuae
1081 3667 1092 3706 r
1110 3658 1299 3724 curatorem,
1312 3648 1415 3709 condi·

369 3735 416 3795 dit
430 3739 469 3797 D.
481 3739 625 3800 Erasmus
638 3741 738 3801 lloter.
755 3743 828 3802 Post
841 3743 907 3803 illos
918 3741 1066 3824 juverunt
1077 3743 1240 3806 lectionem
1253 3746 1416 3807 Suetoniu-
1442 3743 1447 3751 “

370 3851 445 3891 nam
458 3835 609 3896 Robertus
627 3835 813 3919 Stephanus,
829 3841 925 3901 chr.
937 3839 1120 3918 Glareanus,
1134 3842 1251 3905 Theod.
1268 3843 1416 3904 Pulmon-

371 3949 445 4005 nus,
459 3942 489 3990 et
501 3931 642 3994 lioevinus
652 3936 841 3996 Torrentius.

416 4025 500 4087 1516.
514 4029 623 4092 Aldina
642 4052 667 4092 1.
679 4033 716 4092 ln
728 4031 787 4094 boc
796 4033 958 4096 uolumine
968 4031 1034 4098 brec
1045 4035 1252 4100 continentur.
1263 4036 1298 4099 G.
1311 4039 1419 4101 Sueto-
