3036 5124
429 549 679 626 EXGURSUS
702 550 791 622 xit

387 827 705 988 nicunsns
735 892 827 988 xn
930 833 933 840 ⁴

312 1127 380 1198 AD
407 1117 689 1222 TIBERIUM,
717 1131 803 1204 Cir.
834 1131 893 1204 35.

85 1563 149 1655 Sua
159 1600 402 1670 KuiendasVuHm,
414 1614 466 1655 etc.
477 1601 570 1654 Omnis
586 1621 629 1654 res
645 1604 799 1674 pecuniaria
810 1601 916 1675 alligata
932 1618 990 1658 erat
1005 1605 1134 1660 Kalendis

83 1685 227 1747 meusium
240 1681 311 1736 unde
331 1683 411 1736 ctiam
425 1699 528 1749 usur-u,
544 1681 643 1736 lucarie
658 1696 684 1735 et
696 1681 791 1736 similia
804 1685 979 1758 pecuniarum
991 1704 1087 1756 genera
1100 1685 1135 1739 atl

82 1783 188 1818 menses
206 1763 448 1836 computabantur,
464 1781 545 1835 quum
564 1763 637 1835 apud
652 1783 701 1818 nos
717 1766 785 1817 ratio
798 1783 887 1818 annua
901 1763 1027 1817 obtineat.
1042 1767 1136 1839 ltaque
1215 1835 1220 1844 Ι

81 1845 201 1915 pecuniae
209 1845 259 1898 sub
267 1847 355 1898 usuris
366 1845 459 1898 locatas
471 1844 607 1897 Kalendis.
622 1847 712 1897 Horat.
726 1843 812 1916 Epod.
827 1845 864 1910 11,
874 1858 940 1896 extr.
955 1844 1042 1916 Opera
1056 1843 1136 1898 adifi-

83 1923 170 1978 canda
180 1924 277 1992 locata,
285 1939 311 1979 et
321 1925 456 1980 conducta
463 1924 601 1991 Kalendis,
616 1940 641 1978 et
651 1941 742 1978 exacta
755 1925 856 1992 iisdem,
865 1943 918 1976 non
931 1942 1008 1977 secus
1017 1945 1048 1976 ac
1056 1943 1136 1996 pecu-

81 2007 147 2068 sim
159 2019 214 2070 aut,
227 2007 249 2058 sl
257 2005 322 2080 qnid
329 2005 464 2060 dilationis
473 2006 687 2074 daretur,Nonis
696 2046 704 2068 ,
713 2005 803 2060 idibus
815 2029 822 2074 ².
834 2007 893 2058 ride
906 2006 961 2058 Cic.
970 2009 1044 2058 Vere.
1053 2007 1081 2073 Ι,
1092 2007 1134 2060 56.

81 2085 230 2157 Vectigalia
245 2083 331 2138 locata
347 2106 362 2139 a
374 2087 534 2140 censoribus
546 2086 690 2152 liniendis,
704 2099 728 2139 et
743 2085 850 2158 quidem
864 2087 981 2152 Martiis,
993 2099 1022 2138 ut
1035 2100 1136 2157 patete

81 2163 205 2218 Macrcb,
218 2167 323 2219 Saturn.
339 2168 362 2232 l,
380 2183 419 2220 ta.
436 2169 492 2220 Etsi
510 2182 599 2222 autem
614 2179 715 2220 tantum
730 2169 930 2222 mensis'Martii
945 2169 1045 2220 mentio
1060 2167 1076 2218 l.
1094 2185 1137 2236 c.‚

81 2256 172 2296 tamen
186 2231 312 2318 analogia
327 2249 408 2300 moris
423 2249 536 2300 Romani
549 2259 576 2301 et
589 2249 702 2300 censorii
718 2244 845 2300 Kalendis
861 2248 960 2298 iactum
975 2246 1069 2298 suadet
1080 2265 1137 2299 cre·

80 2323 164 2377 dere:
179 2327 247 2393 nisi,
267 2326 340 2398 quod
358 2327 403 2380 lib.
418 2329 466 2380 XV
481 2331 581 2400 Digest.
597 2327 630 2380 d'e
642 2327 778 2399 publicari.
791 2327 886 2380 Iduum
897 2329 1050 2379 Martiarum
1064 2325 1138 2380 ιιιειι-Ι

81 2407 122 2456 tio
143 2405 189 2472 iit,
207 2405 298 2459 idibus
316 2409 406 2480 potius
426 2406 455 2459 id
473 2410 589 2474 iactum,
614 2409 677 2480 quia
699 2410 778 2460 etiam
800 2407 946 2473 Consules,
976 2409 1021 2478 qui
1042 2405 1136 2462 eodem

80 2502 175 2537 mense
193 2485 329 2556 quondam
348 2487 474 2540 dicuntur
492 2489 671 2560 magistratum
686 2488 814 2559 auspicati
833 2505 904 2552 esse,
922 2485 1013 2539 idibus
1032 2487 1134 2539 Martiis

81 2567 215 2638 auspicati
227 2582 287 2619 sunt
301 2565 370 2636 (niv.
384 2569 484 2635 xxm,
498 2584 544 2631 2⁰3
556 2570 657 2637 XXVI,
675 2585 684 2620 t
697 2590 705 2632 ς
717 2569 829 2635 xxvii,
842 2567 881 2639 7).
895 2566 1004 2619 Fundos
1017 2585 1097 2638 porro
1110 2577 1137 2620 et

81 2643 181 2714 praedia
191 2647 288 2698 rustica
302 2645 428 2699 Kalendis
441 2647 528 2699 locata
541 2659 568 2700 et
577 2647 728 2714 conducta,
740 2649 909 2700 Brummerus
919 2645 1008 2709 docet,
1021 2647 1089 2698 Diss.
1102 2645 1136 2698 de

81 2723 228 2778 lineatione
243 2739 269 2778 st
283 2725 476 2779 Conductione.
488 2729 565 2794 iam,
580 2727 652 2800 qnod
671 2727 705 2779 ad
721 2727 868 2780 locationes
884 2725 979 2778 aedium
995 2725 1137 2797 separatim

83 2806 197 2870 attinet,
216 2823 298 2876 quum
314 2825 370 2858 non
385 2804 514 2860 credibile
533 2809 581 2874 sit,
599 2811 627 2861 in
641 2807 761 2876 singulos
780 2823 884 2858 meuses
900 2821 958 2858 esse
972 2805 1136 2872 conductas,

80 2897 196 2962 propter
208 2887 356 2958 pericnlum
369 2887 455 2940 subite
472 2888 634 2960 emigrandi,
650 2887 724 2960 quod
738 2901 872 2940 menstrua
884 2887 953 2938 ratio
971 2887 1095 2952 afferret,
1112 2887 1139 2938 ei

82 2965 121 3016 rei
132 2962 210 3016 dictae
222 2980 283 3018 sunt
301 2965 426 3019 Kalendas
441 2967 533 3034 iulia,
547 2966 589 3020 vel
608 2967 685 3033 solae,
699 2966 740 3020 vul
760 2983 820 3019 cum
835 2965 983 3028 ianuariis3
1001 2977 1137 3036 quaesunt

82 3041 138 3094 duo
153 3045 289 3117 utriusque
301 3049 434 3100 semestris
448 3048 532 3100 initia.
551 3046 602 3099 Sed
617 3046 796 3099 Kalendarum
812 3045 999 3098 ianuariarum
1016 3043 1089 3096 nulla
1109 3043 1137 3096 iu

82 3119 135 3174 hac
146 3141 176 3176 re
189 3127 304 3192 mentio,
315 3145 365 3178 nec
376 3145 429 3192 ea,
445 3139 554 3198 propter
563 3125 652 3198 plures
665 3144 787 3190 caussas,
800 3125 919 3196 inprimis
930 3122 999 3176 illius
1009 3122 1137 3194 temporis

82 3202 184 3272 frigus,
200 3219 268 3278 apta
285 3204 348 3258 huic
362 3205 408 3258 re'i.
426 3204 553 3258 Kalendis
569 3219 658 3259 autem
676 3205 751 3258 tulis
766 3204 889 3257 ridentur
901 3203 1012 3255 delecte
1026 3219 1099 3269 esse,
1114 3203 1139 3254 si

85 3281 192 3352 quidem
210 3285 322 3339 consilio
334 3305 375 3340 res
392 3290 535 3340 constituta
553 3299 612 3354 est,
634 3286 707 3357 quud
728 3299 784 3338 tum
802 3285 875 3336 feriae
893 3281 1007 3355 publicae
1027 3294 1138 3354 propter

83 3377 206 3416 messem.
228 3367 353 3420 Ceterum
375 3368 462 3438 potuit
485 3366 622 3430 accidere,
643 3365 738 3417 subitis
758 3377 786 3417 et
805 3364 948 3435 inopinatis
968 3363 1084 3424 caussis,
1107 3373 1137 3412 ut

84 3443 166 3495 modo
178 3447 271 3514 citius,
285 3446 367 3500 modo
379 3447 479 3501 tardius
490 3447 559 3501 aedes
571 3447 741 3499 locarentur:
755 3463 861 3518 semper
871 3457 961 3497 tamen
972 3439 1029 3494 dies
1039 3437 1138 3500 Kalen-

83 3520 179 3577 darum
193 3541 319 3584 senaim.
