3036 5128
499 557 535 618 c
561 557 592 620 s.
617 557 788 623 cnsnn.
1124 566 1166 652 9³
1274 555 1279 564 ’

124 680 325 748 memorialis
345 679 448 746 libelli
467 683 694 761 convertisse,
716 705 822 776 quum
840 699 939 750 antea
956 687 1118 755 Consules
1136 707 1170 756 et

123 790 224 857 duces
244 793 379 858 nonnisi
400 807 589 877 transversa
610 789 731 872 charta¹
745 793 886 884 scriptas
904 795 1084 863 mitterent.
1105 802 1169 865 Ex-

123 915 213 968 stant
228 915 262 967 et
275 899 318 968 ad
334 903 546 984 Ciceronem,
566 903 646 968 item
662 899 706 967 ad
723 897 903 970 familiares
920 900 1111 974 domesticis
1127 905 1170 974 de

121 1009 225 1078 rebus
243 1037 251 1076 :
274 1009 446 1105 inquibus
464 1013 574 1106 siqua
589 1010 752 1079 occultius
768 1011 968 1105 perferenda
985 1032 1095 1098 erant,
1110 1041 1171 1110 per

122 1134 221 1216 notas
229 1115 253 1156 ¹³
262 1122 411 1212 scripsit,
425 1118 459 1186 id
467 1134 534 1202 est,
543 1123 591 1204 sic
598 1135 724 1189 structo
732 1122 905 1189 literarum
912 1121 1093 1207 ordine,ut
1098 1126 1172 1193 nul-

121 1229 196 1298 lum
216 1229 356 1298 verbum
377 1229 463 1299 effici
483 1248 616 1324 posset:
639 1255 715 1325 quse
736 1233 764 1298 si
787 1234 861 1326 quis
881 1235 1116 1326 investigare¹⁴
1138 1253 1171 1304 et

122 1344 284 1436 persequi
302 1342 398 1424 velit,
417 1357 571 1435 quartam
586 1340 831 1408 elementorum
846 1340 994 1424 literam,
1013 1343 1047 1411 id
1063 1361 1133 1428 est,
1149 1348 1173 1412 d

122 1476 189 1544 pro
200 1478 236 1534 a,
249 1469 283 1520 et
292 1452 433 1546 perinde
444 1453 589 1548 reliquas
601 1468 795 1521 commutet
810 1458 976 1520 Feruntur
988 1470 1021 1521 et
1033 1480 1053 1521 a
1064 1479 1170 1548 puero

122 1579 155 1631 et
168 1563 216 1632 ab
231 1563 479 1633 adolescentulo
494 1563 650 1661 quaedam
666 1567 805 1657 scripta;
821 1581 858 1631 ut
870 1563 994 1631 Laudes
1008 1567 1170 1648 Herculis,

122 1674 303 1770 Tragoedia
317 1676 480 1773 OEdipus,
494 1679 574 1746 item
590 1679 685 1744 Dicta
703 1676 931 1744 ¹⁵collectanea.
948 1679 1039 1763 Quos
1054 1701 1170 1745 omnes

123 1895 220 1954 postea
228 1883 410 1937 convolvatur.
418 1886 504 1954 Quam
512 1882 624 1936 Casaub.
671 1895 756 1948 retur,
768 1881 887 1946 antelis,
899 1881 967 1933 sicut
976 1879 1043 1946 dixi,
1053 1881 1171 1954 compla-

122 1975 147 2014 ει
156 1964 280 2015 Bromius
288 1961 354 2015 dant
366 1965 626 2035 interpretationem,
671 1961 762 2027 cebat,
771 1963 815 2032 qui
825 1959 894 2014 banc
904 1959 1036 2013 scribendi
1045 1958 1169 2013 latebram

122 2053 150 2092 ut
161 2039 202 2092 ad
210 2041 323 2115 popinas
334 2045 367 2096 sit
379 2042 414 2095 ad
424 2043 583 2118 maryinem,
594 2061 626 2094 ea
670 2041 807 2112 parabant.
821 2042 868 2094 Est
878 2039 945 2093 adeo
954 2038 1034 2092 Probi
1043 2057 1171 2112 gramma-

122 2118 189 2171 bnic
207 2119 267 2172 loco
286 2139 340 2174 non
359 2124 503 2175 convenit:
519 2141 580 2174 nam
592 2121 625 2174 de
670 2121 715 2172 tici
727 2121 931 2172 commentarius
944 2121 1007 2171 satis
1019 2121 1121 2172 cuncte
1133 2119 1171 2172 fa·

123 2201 186 2252 totis
195 2199 313 2270 epistolis
325 2219 412 2254 senno
424 2214 477 2267 est,
490 2219 556 2273 quas
568 2221 626 2273 pro-
670 2211 728 2251 ctus
737 2197 771 2250 de
781 2197 886 2250 occulta
895 2195 1032 2250 literarum
1043 2200 1172 2268 significa-

122 2277 197 2330 iecto
217 2295 272 2329 non
290 2281 395 2352 scripsit
412 2281 447 2332 nd
464 2282 624 2352 marginem,
671 2279 740 2330 tione
754 2277 925 2348 epistolarum
941 2277 970 2328 C.
986 2278 1094 2331 Caesaris
1110 2281 1171 2332 scri-

123 2375 179 2410 non
191 2355 224 2410 de
234 2356 320 2431 aliqua
331 2359 448 2431 epistola
458 2374 548 2433 parte,
556 2379 626 2433 quta,
671 2371 784 2430 ptarum.
796 2381 807 2404 ι
824 2359 864 2410 Cf.
879 2359 945 2424 llio,
960 2358 1019 2424 XL,
1033 2375 1058 2426 9.
1081 2361 1171 2430 Augu-

121 2437 234 2510 impleta
240 2441 626 2513 pagina,superesset.-Qua
672 2438 704 2489 sti
714 2436 798 2489 simile
808 2449 986 2488 commentum
996 2453 1105 2490 narrant
1117 2441 1171 2490 No-

122 2531 226 2570 restant
246 2518 353 2572 Coesaris
372 2519 496 2591 epistolas
519 2517 627 2590 collegi·
672 2530 736 2582 ster,
753 2518 822 2587 Aug.
835 2516 885 2581 88,
901 2529 927 2568 et
938 2517 1004 2582 Dio,
1020 2518 1067 2582 Ll,
1078 2519 1103 2570 3.
1118 2520 1171 2570 llas

122 2615 182 2650 mus
191 2597 216 2648 in
229 2596 297 2651 Edit.
311 2611 401 2651 nostra
415 2599 494 2670 (Ces.
506 2612 570 2650 tom.
581 2599 625 2662 lV,
672 2595 795 2667 epistolas
810 2594 922 2648 dicimus
939 2594 1022 2648 lettres
1035 2596 1169 2669 cbiffrdes,

121 2675 179 2726 init.
187 2674 206 2746 )
214 2674 490 2749 laudateasAppian.
499 2675 561 2729 llell.
570 2676 624 2729 Cis.
672 2692 725 2746 quo
745 2675 880 2743 scripturn
900 2671 980 2724 modo
1000 2675 1079 2725 etiam
1099 2692 1171 2726 nunc

122 2753 156 2817 ll,
166 2769 215 2822 79,
223 2772 378 2826 moremque
386 2775 435 2827 per
444 2754 570 2827 epistolas
579 2773 626 2808 seu
671 2766 794 2816 utuntur,
804 2751 850 2822 qui
859 2750 891 2802 de
901 2750 980 2802 rebus
990 2750 1104 2822 publicis
1113 2771 1171 2823 gra-

122 2829 261 2886 codicillos
273 2833 301 2884 in
316 2834 387 2886 Urbe
399 2835 476 2886 etiam
492 2851 553 2885 cnm
565 2834 626 2884 ami·
671 2830 787 2884 rioribus
801 2832 871 2882 inter
883 2849 911 2882 se
925 2832 1129 2882 communicant.

122 2910 159 2960 cis
167 2927 210 2961 res
217 2911 445 2979 communicandi,
456 2913 626 2966 aCesarcin·
710 2910 749 2977 ¹4·
760 2909 919 2982 Investiqare
930 2919 956 2960 et
965 2911 1083 2981 persequi
1094 2909 1170 2969 velit,-

122 3001 231 3040 ventum
244 2987 310 3042 dicit
320 2991 452 3045 Plutarch.
463 2993 526 3044 Caes.
538 3009 577 3061 ¹7·
671 2989 699 3042 id
709 3000 763 3054 est,
772 3005 898 3040 areanum
907 3005 1012 3040 sensum
1020 2987 1171 3058 indagando

161 3072 203 3126 13.
222 3073 281 3125 Per
298 3085 380 3126 notas.
401 3073 473 3126 Gell.
487 3076 576 3141 XVll,
592 3093 624 3145 9:
671 3087 778 3136 eruere,
796 3069 897 3138 scripta
914 3065 1005 3119 ordine
1022 3067 1170 3137 perlegam

124 3149 220 3202 «Libri
229 3165 291 3203 tunt
299 3153 469 3223 epistolarum
479 3153 507 3206 G.
519 3153 625 3206 foesaris
669 3147 786 3214 Gallice,
806 3146 968 3218 ddcliiffrerr
983 3144 1043 3198 vide
1057 3146 1169 3199 Casaob.

122 3227 156 3282 ad
172 3229 203 3280 C.
220 3229 341 3302 Oppium
358 3246 384 3284 et
400 3231 511 3284 Balbum
528 3231 625 3284 Corne·
669 3229 766 3280 Postea
783 3225 844 3278 dedi
862 3224 925 3277 velit
942 3243 1003 3277 cum
1020 3227 1125 3295 Bipont.
1140 3243 1170 3276 ex

120 3305 204 3378 bum,
222 3312 271 3382 qui
285 3329 327 3363 res
343 3316 400 3383 ejus
416 3311 532 3364 absentis
547 3330 625 3364 cura-
667 3308 771 3360 Ernest.
785 3308 959 3359 correctione.
974 3303 1129 3371 Alii,votet.
1144 3303 1171 3356 Si

121 3387 424 3463 bantlnbisepistolis,
432 3391 624 3463 quibusdamin
670 3400 721 3440 stat
739 3384 824 3438 Codd.
844 3388 975 3458 scriptura
993 3383 1085 3451 vellet,
1102 3384 1170 3436 infra

83 3468 88 3476 '
122 3464 188 3521 locis
203 3470 463 3522 inveniunturliterte
477 3468 624 3540 singularia
669 3466 809 3536 legendum
822 3475 1001 3519 commutaret.

123 3547 179 3600 tine
194 3549 357 3618 coagmentis
369 3546 541 3621 syllabarum
559 3567 623 3619 quas
707 3546 746 3599 15.
762 3549 840 3600 Dicta
850 3547 1020 3600 collectanea.
1033 3543 1110 3598 Hau'd
1122 3544 1170 3597 du·

123 3637 152 3676 tu
169 3639 249 3696 putes
270 3629 371 3697 positas
389 3625 524 3678 incondite
534 3647 542 3690 ;
562 3645 624 3680 nam
669 3625 1168 3697 biesuntdaspdlypmilla,quomm

123 3703 205 3756 verba
225 3724 259 3758 ex
279 3704 321 3756 his
338 3704 421 3759 literis
439 3705 534 3759 conlici
551 3704 625 3758 nulla
669 3707 802 3760 volumina
814 3710 960 3761 confecisse
970 3708 1110 3771 cesarem,
1123 3723 1169 3758 au·

123 3796 248 3858 possunt.¹
270 3785 331 3836 Erat
355 3798 443 3838 autem
465 3798 642 3851 conventum,
669 3801 727 3840 otor
742 3788 796 3840 Cic.
815 3788 850 3840 ad
865 3789 962 3840 Petam
979 3784 1031 3855 (ad
1044 3786 1101 3837 Dis.
1118 3786 1167 3850 lX,

125 3863 191 3915 inter
203 3881 248 3916 eos
259 3862 452 3917 clandestinum
463 3864 496 3918 de
508 3883 623 3916 commu·
672 3867 727 3938 16).
751 3867 887 3937 Ejusmodi
905 3865 1075 3918 collectiones
1094 3863 1168 3917 beod

126 3941 205 3996 tendo
217 3945 269 3995 situ
284 3943 432 4007 literarum,
447 3946 514 3996 utin
526 3946 623 4015 scripto
669 3959 777 4016 repente
791 3946 922 4008 confiunt;
942 3963 1020 4016 quam
1033 3946 1168 4016 inceperat

127 4021 232 4090 quidem
246 4024 297 4076 alia
312 4024 370 4092 alite
384 4024 472 4078 locum
487 4038 513 4076 et
527 4042 625 4078 nomen
669 4027 748 4096 igitur
763 4024 931 4092 adolescens,
945 4025 1030 4076 Cesar
1043 4023 1167 4095 deinceps

128 4111 237 4170 teneret,
251 4102 298 4156 sed
312 4105 342 4155 in
353 4101 465 4175 legendo
479 4102 554 4156 locus
569 4104 625 4155 cui·
670 4105 996 4174 continuavit,novisque,
1007 4121 1065 4175 quse
1074 4115 1166 4154 notatu

127 4197 179 4249 que
191 4199 252 4237 suus
265 4197 291 4237 et
302 4197 420 4255 potestas
432 4185 624 4245 restitueretur3
670 4183 748 4252 digna
763 4181 804 4234 vel
818 4180 973 4247 audivisset,
993 4181 1032 4234 vel
1046 4179 1167 4254 legisset,

128 4277 242 4330 (poenam
251 4283 314 4316 vero
325 4264 399 4315 litera
411 4280 458 4335 pro
468 4282 521 4333 qua
530 4263 625 4316 scribe·
671 4264 750 4315 auxit.
765 4262 807 4316 Sic
820 4264 898 4315 etiam
913 4264 990 4317 sentit
1004 4263 1142 4314 Burmann.
