3036 5124
368 540 433 626 ⁴7²
645 559 648 566 ι
725 529 732 536 ·
776 533 1003 619 anunsuu

657 777 1004 878 EXCURSUS
1046 781 1118 876 XI

601 1001 670 1072 nn
696 999 974 1090 nunnioni,
1001 1001 1086 1072 cn.
1115 997 1175 1089 34.

834 1235 940 1252 m

366 1403 500 1501 Tanton!
511 1437 620 1503 mullos,
635 1429 685 1490 oto.
696 1439 862 1490 Burmannus
871 1435 974 1490 videtur
983 1435 1055 1488 huna
1064 1435 1156 1488 locum
1164 1439 1202 1490 ita
1214 1439 1330 1510 cepisse,
1342 1443 1418 1512 qnan'

363 1517 459 1588 singuli
472 1517 545 1570 mulli
556 1518 630 1570 XXX
644 1516 759 1571 millibus
770 1519 833 1569 emti
845 1518 912 1583 sint,
925 1517 998 1590 quod
1014 1531 1080 1569 aaaet
1096 1535 1160 1570 sane
1172 1518 1342 1572 inea-edibile.
1355 1523 1420 1574 Tra

363 1599 438 1652 mulli
452 1599 486 1652 ab
505 1599 596 1670 aliquo
614 1617 734 1670 ganeone
753 1597 802 1650 baa
822 1615 924 1650 summa
941 1600 1003 1650 emti
1021 1611 1098 1663 aunt,
1113 1611 1142 1650 ut
1160 1599 1188 1649 in
1208 1599 1331 1670 singulos
1350 1600 1420 1654 dena

362 1678 445 1731 millia
457 1682 635 1732 convenirent.
653 1673 739 1750 A'tque
751 1675 806 1730 hee
820 1695 922 1730 summa
934 1696 988 1730 non
1002 1692 1041 1729 eat
1052 1677 1221 1730 incredibilia.
1237 1679 1308 1731 Nam
1322 1681 1348 1731 si
1358 1699 1421 1752 pra-

363 1758 454 1810 tiuma
469 1759 587 1830 quinque
601 1756 717 1809 millibus
730 1758 817 1826 potuit
827 1761 918 1826 augeri
931 1755 1035 1808 adnoto
1047 1755 1127 1808 millia
1140 1777 1148 1819 ;
1160 1774 1210 1808 cua
1221 1775 1278 1808 nou
1290 1759 1375 1810 etiam
1386 1759 1420 1811 alt

364 1850 427 1888 ooto
439 1835 553 1889 millibus
564 1835 598 1888 ad
609 1835 716 1889 deceml
728 1834 809 1903 Quod
819 1835 853 1888 ad
865 1835 1059 1888 dubitationem
1070 1837 1186 1889 aTnaito
1195 1840 1421 1905 mutuamina,

362 1914 401 1968 ibi
420 1917 499 1968 etiam
507 1914 624 1986 familia
640 1918 738 1969 mentio
757 1916 803 1982 fia,
823 1933 880 1986 que
899 1915 943 1968 hie
960 1914 1033 1968 nulla
1049 1930 1098 1968 eat.
1116 1917 1185 1988 Engo
1200 1918 1313 1970 Tacitus
1331 1920 1421 1988 potuit

362 1993 441 2048 'etiam
454 2013 587 2048 annonam
603 1998 737 2061 omittere,
752 2013 833 2066 quam
849 1995 989 2049 Suetonius
1004 2010 1142 2049 memorat.
1155 1999 1307 2068 δαήμονα
1361 1997 1421 2050 tai-

362 2071 415 2126 but
426 2073 504 2126 rebus
516 2092 570 2125 non
581 2085 643 2124 aunt
656 2075 733 2125 nimia
746 2073 899 2144 diligentau
912 2092 961 2126 nea
973 2093 1041 2146 opus
1054 2087 1094 2128 eat
1111 2091 1203 2127 omnes
1216 2078 1321 2147 apodes
1338 2079 1368 2128 'n
1383 2093 1421 2127 ta-

362 2153 433 2206 libus
454 2154 533 2207 rebus
555 2171 771 2208 commemorare.
794 2153 910 2222 Sufficit,
931 2173 1030 2226 genera
1049 2153 1137 2208 tradi:
1160 2154 1285 2208 delectu·
1302 2159 1420 2228 peiuiu

363 2232 570 2286 enan-nudarum
581 2231 733 2286 arbitrarius
747 2247 801 2298 eat;
816 2233 930 2306 ideoque
939 2235 966 2286 in
979 2234 1072 2286 harum
1085 2252 1138 2286 una
1150 2236 1253 2287 etitem
1265 2235 1355 2288 altera
1363 2251 1421 2288 tra-

363 2309 451 2364 denda
467 2314 562 2385 optimi
575 2313 717 2384 seriptum
728 2315 841 2366 inomni
852 2332 947 2384 ganeae
959 2312 1076 2368 historin
1086 2315 1205 2379 variant,
1216 2332 1309 2386 neque
1319 2317 1346 2366 is
1357 2333 1420 2386 pro·

362 2396 419 2465 pria
433 2391 568 2446 dissensus
580 2392 707 2448 dicendus
720 2407 767 2448 est.
780 2395 950 2466 Quamquam
967 2394 1005 2448 ihi
1015 2395 1137 2448 Tiberius
1152 2414 1207 2447 non
1224 2398 1362 2467 queritun
1374 2395 1418 2450 sd

363 2475 517 2541 Senatores,
536 2493 622 2547 neque
640 2487 695 2528 tum
713 2475 873 2548 quidquam,
889 2475 923 2528 tle
939 2475 1003 2528 luxu
1017 2474 1194 2542 moderando,
1211 2474 1374 2540 decretum
1389 2491 1417 2528 κ

362 2553 430 2607 adeo
443 2553 542 2606 nonde
557 2553 648 2606 eadem
665 2575 693 2608 ne
702 2574 735 2608 aa
750 2569 869 2626 tempore
881 2553 953 2626 apud
969 2556 1123 2608 Suetonium
1136 2569 1163 2607 et
1173 2556 1299 2608 Tacitum
1315 2572 1416 2627 qaam.

360 2639 449 2706 Atque
459 2637 538 2687 etiam
550 2635 690 2688 Suetonius
701 2635 800 2689 diserte
808 2653 922 2688 ansionoe
933 2649 959 2688 et
968 2635 1075 2688 macelli
1086 2638 1246 2688 mentionem
1258 2638 1337 2689 facit.
1351 2638 1418 2688 tta

363 2714 436 2785 quod
446 2719 611 2769 Burmannus
624 2730 714 2785 putat,
729 2735 745 2769 a
760 2717 843 2769 verbo
859 2735 1046 2790 annonamque
1062 2735 1157 2770 novam
1173 2717 1319 2789 periodum
1335 2720 1418 2790 insipi

361 2794 457 2860 videri,
477 2813 589 2867 eamque
608 2795 643 2848 ob
663 2814 781 2849 cauatam
797 2795 849 2869 leqi
866 2815 945 2868 poaae
958 2815 1094 2850 annonam
1114 2816 1236 2870 qnoque5
1255 2800 1350 2870 ptimo
1363 2817 1418 2850 non

362 2891 470 2927 necasse
482 2889 521 2928 est
536 2873 563 2926 nl
572 2895 675 2948 quaque
688 2876 846 2929 substituere
859 2878 894 2944 aqi
903 2897 969 2950 qne,·
986 2897 1047 2930 nam
1065 2880 1146 2930 etiam
1155 2877 1209 2931 laoe
1220 2880 1298 2931 initio
1312 2879 1417 2951 penio'di

362 2966 430 3006 atara
441 2965 543 3026 potest,
558 2968 584 3006 et
597 2974 665 3025 sepe
677 2974 758 3022 quum
770 2955 804 3006 ab
814 2955 885 3021 aliis,
899 2969 954 3010 tum
967 2976 983 3010 a
995 2959 1123 3011 Suetonio
1136 2959 1252 3029 ponitur,
1268 2973 1301 3010 ut
1312 2959 1349 3010 ad
1361 2960 1416 3011 tte-

361 3051 453 3086 ronem
467 3051 491 3084 o.
508 3033 542 3087 38
554 3032 724 3088 docebimus:
742 3035 838 3088 deinde
852 3039 930 3089 etiam
946 3055 1046 3090 novum
1061 3037 1171 3090 verbum
1190 3039 1383 3108 aequitatem,
1401 3057 1416 3088 a

363 3131 416 3182 quo
426 3115 599 3166 sustineretur
609 3116 811 3188 temperandam.
823 3116 901 3168 Nunc
911 3120 1079 3172 manileatum
1088 3130 1142 3183 est,
1153 3137 1169 3170 e
1178 3115 1299 3169 Suetonii
1309 3131 1415 3182 menn,

361 3191 509 3258 Tiberium,
519 3209 693 3267 conquestum
703 3195 736 3248 da
748 3198 838 3266 pratus
847 3195 1045 3250 Corinthiorum
1056 3210 1081 3250 at
1090 3196 1248 3261 mullorum,
1260 3199 1413 3262 conmissa,

363 3272 471 3324 modum
493 3273 651 3347 supellectili
671 3275 869 3344 adhibendum,
892 3289 919 3330 at
938 3297 1070 3332 annonam
1088 3277 1194 3332 macelli
1214 3279 1413 3350 superanda

363 3356 517 3424 quotannis,
535 3355 560 3407 li.
577 3377 599 3410 e.
615 3356 650 3409 ad
662 3357 804 3411 formulam
819 3371 916 3412 certam
928 3373 954 3412 et
964 3360 1128 3412 moderatam
1145 3357 1324 3430 redigendam.
1345 3360 1411 3412 Bu.

362 3433 439 3486 conf.
449 3435 512 3487 item
523 3452 581 3507 qun
590 3437 723 3492 Ernestiua
733 3438 837 3491 monuit
846 3436 880 3491 ad
888 3440 952 3492 Tac.
963 3441 1032 3493 Anu.
1042 3439 1091 3508 111,
1103 3437 1149 3493 5².
1163 3439 1258 3494 Wou.
