<?xml version="1.0" encoding="UTF-8"?>
<!DOCTYPE html PUBLIC "-//W3C//DTD XHTML 1.0 Transitional//EN"
    "http://www.w3.org/TR/xhtml1/DTD/xhtml1-transitional.dtd">
<html xmlns="http://www.w3.org/1999/xhtml" xml:lang="en" lang="en">
 <head>
  <title>
</title>
<meta http-equiv="Content-Type" content="text/html;charset=utf-8" />
  <meta name='ocr-system' content='tesseract 3.04.00' />
  <meta name='ocr-capabilities' content='ocr_page ocr_carea ocr_par ocr_line ocrx_word'/>
</head>
<body>
  <div class='ocr_page' id='page_1' title='image "./csuetoniitranqu02suetgoog_0090.png"; bbox 0 0 3036 5128; ppageno 0'>
   <div class='ocr_carea' id='block_1_1' title="bbox 301 513 1397 863">
    <p class='ocr_par' dir='ltr' id='par_1_1' title="bbox 301 513 1397 863">
     <span class='ocr_line' id='line_1_1' title="bbox 305 513 1013 612; baseline -0.014 -10"><span class='ocrx_word' id='word_1_1' title='bbox 305 584 308 604; x_wconf 86' lang='lat'>.</span> <span class='ocrx_word' id='word_1_2' title='bbox 343 538 386 612; x_wconf 59' lang='grc' dir='ltr'>η</span> <span class='ocrx_word' id='word_1_3' title='bbox 427 513 430 520; x_wconf 85' lang='grc'>’</span> <span class='ocrx_word' id='word_1_4' title='bbox 718 531 753 594; x_wconf 85' lang='lat' dir='ltr'>o.</span> <span class='ocrx_word' id='word_1_5' title='bbox 781 530 1013 596; x_wconf 82' lang='lat' dir='ltr'>suarouu</span> 
     </span>
     <span class='ocr_line' id='line_1_2' title="bbox 341 654 1397 752; baseline -0.002 -28"><span class='ocrx_word' id='word_1_6' title='bbox 341 657 468 724; x_wconf 81' lang='lat' dir='ltr'><strong>ditione</strong></span> <span class='ocrx_word' id='word_1_7' title='bbox 485 673 678 749; x_wconf 87' lang='lat' dir='ltr'>temporum</span> <span class='ocrx_word' id='word_1_8' title='bbox 692 659 879 750; x_wconf 87' lang='lat' dir='ltr'>quieturus.</span> <span class='ocrx_word' id='word_1_9' title='bbox 899 654 1151 724; x_wconf 88' lang='lat' dir='ltr'>Multitudinem</span> <span class='ocrx_word' id='word_1_10' title='bbox 1167 679 1328 752; x_wconf 86' lang='lat' dir='ltr'>quoque,</span> <span class='ocrx_word' id='word_1_11' title='bbox 1349 654 1397 722; x_wconf 90' lang='lat' dir='ltr'>bi·</span> 
     </span>
     <span class='ocr_line' id='line_1_3' title="bbox 301 757 1397 863; baseline -0.005 -27"><span class='ocrx_word' id='word_1_12' title='bbox 301 757 308 800; x_wconf 77' lang='lat'>⁸</span> <span class='ocrx_word' id='word_1_13' title='bbox 342 769 410 836; x_wconf 93' lang='lat' dir='ltr'>duo</span> <span class='ocrx_word' id='word_1_14' title='bbox 424 785 503 862; x_wconf 88' lang='lat' dir='ltr'>post</span> <span class='ocrx_word' id='word_1_15' title='bbox 513 783 633 860; x_wconf 88' lang='lat' dir='ltr'>sponte</span> <span class='ocrx_word' id='word_1_16' title='bbox 647 782 681 834; x_wconf 89' lang='lat' dir='ltr'>et</span> <span class='ocrx_word' id='word_1_17' title='bbox 694 765 783 834; x_wconf 88' lang='lat' dir='ltr'>ultro</span> <span class='ocrx_word' id='word_1_18' title='bbox 796 765 1040 850; x_wconf 83' lang='lat' dir='ltr'>confluentem,</span> <span class='ocrx_word' id='word_1_19' title='bbox 1055 791 1262 863; x_wconf 82' lang='lat' dir='ltr'>operamque</span> <span class='ocrx_word' id='word_1_20' title='bbox 1275 764 1347 834; x_wconf 91' lang='lat' dir='ltr'>sibi</span> <span class='ocrx_word' id='word_1_21' title='bbox 1361 767 1397 831; x_wconf 91' lang='lat' dir='ltr'>in</span> 
     </span>
    </p>
   </div>
   <div class='ocr_carea' id='block_1_2' title="bbox 340 878 1398 972">
    <p class='ocr_par' dir='ltr' id='par_1_2' title="bbox 340 878 1398 972">
     <span class='ocr_line' id='line_1_4' title="bbox 340 878 1398 972; baseline -0.006 -22"><span class='ocrx_word' id='word_1_22' title='bbox 340 881 521 950; x_wconf 87' lang='lat' dir='ltr'>asserenda</span> <span class='ocrx_word' id='word_1_23' title='bbox 543 880 704 972; x_wconf 75' lang='lat' dir='ltr'>dignitate</span> <span class='ocrx_word' id='word_1_24' title='bbox 727 878 969 948; x_wconf 83' lang='lat' dir='ltr'><strong>tumultuosius</strong></span> <span class='ocrx_word' id='word_1_25' title='bbox 991 879 1225 972; x_wconf 69' lang='lat' dir='ltr'>pollicentem,</span> <span class='ocrx_word' id='word_1_26' title='bbox 1248 903 1398 971; x_wconf 85' lang='lat' dir='ltr'>oompe·</span> 
     </span>
    </p>
   </div>
   <div class='ocr_carea' id='block_1_3' title="bbox 316 989 1409 2525">
    <p class='ocr_par' dir='ltr' id='par_1_3' title="bbox 316 989 1409 2525">
     <span class='ocr_line' id='line_1_5' title="bbox 341 989 1395 1086; baseline -0.003 -26"><span class='ocrx_word' id='word_1_27' title='bbox 341 998 437 1061; x_wconf 91' lang='lat' dir='ltr'>scuit.</span> <span class='ocrx_word' id='word_1_28' title='bbox 452 989 551 1079; x_wconf 90' lang='lat' dir='ltr'>Quod</span> <span class='ocrx_word' id='word_1_29' title='bbox 562 1015 670 1086; x_wconf 93' lang='lat' dir='ltr'>quum</span> <span class='ocrx_word' id='word_1_30' title='bbox 680 1006 803 1084; x_wconf 68' lang='lat' dir='ltr'>practer</span> <span class='ocrx_word' id='word_1_31' title='bbox 817 994 1009 1085; x_wconf 86' lang='lat' dir='ltr'>opinionem</span> <span class='ocrx_word' id='word_1_32' title='bbox 1025 995 1206 1074; x_wconf 88' lang='lat' dir='ltr'>evenisset,</span> <span class='ocrx_word' id='word_1_33' title='bbox 1226 995 1395 1070; x_wconf 86' lang='lat' dir='ltr'>Senatus,</span> 
     </span>
     <span class='ocr_line' id='line_1_6' title="bbox 342 1100 1398 1194; baseline -0.003 -25"><span class='ocrx_word' id='word_1_34' title='bbox 342 1103 385 1169; x_wconf 93' lang='lat' dir='ltr'>ob</span> <span class='ocrx_word' id='word_1_35' title='bbox 400 1100 556 1170; x_wconf 88' lang='lat' dir='ltr'>eumdem</span> <span class='ocrx_word' id='word_1_36' title='bbox 571 1100 716 1168; x_wconf 74' lang='lat' dir='ltr'>lcoetum</span> <span class='ocrx_word' id='word_1_37' title='bbox 730 1101 886 1168; x_wconf 82' lang='lat' dir='ltr'>festinato</span> <span class='ocrx_word' id='word_1_38' title='bbox 898 1118 1048 1181; x_wconf 86' lang='lat' dir='ltr'>coactus,</span> <span class='ocrx_word' id='word_1_39' title='bbox 1067 1103 1189 1194; x_wconf 78' lang='lat' dir='ltr'>gratias</span> <span class='ocrx_word' id='word_1_40' title='bbox 1201 1102 1232 1167; x_wconf 92' lang='lat' dir='ltr'>ei</span> <span class='ocrx_word' id='word_1_41' title='bbox 1244 1125 1315 1194; x_wconf 90' lang='lat' dir='ltr'>per</span> <span class='ocrx_word' id='word_1_42' title='bbox 1326 1101 1398 1193; x_wconf 92' lang='lat' dir='ltr'>pri·</span> 
     </span>
     <span class='ocr_line' id='line_1_7' title="bbox 341 1213 1396 1308; baseline -0.005 -24"><span class='ocrx_word' id='word_1_43' title='bbox 341 1239 452 1284; x_wconf 88' lang='lat' dir='ltr'>mores</span> <span class='ocrx_word' id='word_1_44' title='bbox 466 1217 555 1284; x_wconf 89' lang='lat' dir='ltr'>viros</span> <span class='ocrx_word' id='word_1_45' title='bbox 572 1217 656 1307; x_wconf 91' lang='lat' dir='ltr'>egit:</span> <span class='ocrx_word' id='word_1_46' title='bbox 674 1215 886 1308; x_wconf 84' lang='lat' dir='ltr'><strong>accitumque</strong></span> <span class='ocrx_word' id='word_1_47' title='bbox 902 1217 938 1281; x_wconf 94' lang='lat' dir='ltr'>in</span> <span class='ocrx_word' id='word_1_48' title='bbox 953 1216 1104 1296; x_wconf 91' lang='lat' dir='ltr'>Curiam,</span> <span class='ocrx_word' id='word_1_49' title='bbox 1121 1229 1155 1281; x_wconf 89' lang='lat' dir='ltr'>et</span> <span class='ocrx_word' id='word_1_50' title='bbox 1168 1213 1396 1306; x_wconf 81' lang='lat' dir='ltr'>amplissimis</span> 
     </span>
     <span class='ocr_line' id='line_1_8' title="bbox 340 1323 1395 1417; baseline -0.005 -22"><span class='ocrx_word' id='word_1_51' title='bbox 340 1325 451 1395; x_wconf 91' lang='lat' dir='ltr'>verbis</span> <span class='ocrx_word' id='word_1_52' title='bbox 461 1325 705 1408; x_wconf 88' lang='lat' dir='ltr'>collaudatum,</span> <span class='ocrx_word' id='word_1_53' title='bbox 715 1328 750 1393; x_wconf 92' lang='lat' dir='ltr'>in</span> <span class='ocrx_word' id='word_1_54' title='bbox 760 1327 1096 1416; x_wconf 84' lang='lat' dir='ltr'>integrumrestituit,</span> <span class='ocrx_word' id='word_1_55' title='bbox 1106 1323 1262 1392; x_wconf 87' lang='lat' dir='ltr'>inducto⁵</span> <span class='ocrx_word' id='word_1_56' title='bbox 1274 1326 1395 1417; x_wconf 90' lang='lat' dir='ltr'>priore</span> 
     </span>
     <span class='ocr_line' id='line_1_9' title="bbox 341 1437 1227 1525; baseline -0.002 -19"><span class='ocrx_word' id='word_1_57' title='bbox 341 1437 487 1506; x_wconf 85' lang='lat' dir='ltr'>decreto.</span> <span class='ocrx_word' id='word_1_58' title='bbox 1225 1513 1227 1525; x_wconf 28' lang='grc' dir='ltr'>Ι</span> 
     </span>
     <span class='ocr_line' id='line_1_10' title="bbox 386 1527 1409 1630; baseline -0.005 -13"><span class='ocrx_word' id='word_1_59' title='bbox 386 1553 491 1617; x_wconf 89' lang='lat' dir='ltr'>XVII.</span> <span class='ocrx_word' id='word_1_60' title='bbox 518 1547 648 1616; x_wconf 85' lang='lat' dir='ltr'>Recidit</span> <span class='ocrx_word' id='word_1_61' title='bbox 663 1571 782 1616; x_wconf 91' lang='lat' dir='ltr'>rursus</span> <span class='ocrx_word' id='word_1_62' title='bbox 797 1551 833 1614; x_wconf 91' lang='lat' dir='ltr'>in</span> <span class='ocrx_word' id='word_1_63' title='bbox 851 1547 1032 1616; x_wconf 84' lang='lat' dir='ltr'>discrimen</span> <span class='ocrx_word' id='word_1_64' title='bbox 1045 1548 1154 1630; x_wconf 87' lang='lat' dir='ltr'>aliud,</span> <span class='ocrx_word' id='word_1_65' title='bbox 1171 1551 1259 1616; x_wconf 91' lang='lat' dir='ltr'>inter</span> <span class='ocrx_word' id='word_1_66' title='bbox 1277 1527 1409 1616; x_wconf 59' lang='lat' dir='ltr'>socios*</span> 
     </span>
     <span class='ocr_line' id='line_1_11' title="bbox 339 1657 1394 1752; baseline -0.005 -23"><span class='ocrx_word' id='word_1_67' title='bbox 339 1661 489 1728; x_wconf 88' lang='lat' dir='ltr'>Catilinae</span> <span class='ocrx_word' id='word_1_68' title='bbox 506 1661 719 1740; x_wconf 91' lang='lat' dir='ltr'>nominatus,</span> <span class='ocrx_word' id='word_1_69' title='bbox 740 1673 773 1726; x_wconf 91' lang='lat' dir='ltr'>et</span> <span class='ocrx_word' id='word_1_70' title='bbox 788 1657 880 1752; x_wconf 94' lang='lat' dir='ltr'>apud</span> <span class='ocrx_word' id='word_1_71' title='bbox 898 1661 1057 1728; x_wconf 88' lang='lat' dir='ltr'>Novium¹</span> <span class='ocrx_word' id='word_1_72' title='bbox 1078 1663 1218 1752; x_wconf 78' lang='lat' dir='ltr'>Nigrum</span> <span class='ocrx_word' id='word_1_73' title='bbox 1235 1665 1394 1747; x_wconf 81' lang='lat' dir='ltr'>Quaesto</span> 
     </span>
     <span class='ocr_line' id='line_1_12' title="bbox 340 1766 1393 1866; baseline -0.004 -28"><span class='ocrx_word' id='word_1_74' title='bbox 340 1796 413 1838; x_wconf 92' lang='lat' dir='ltr'>rem</span> <span class='ocrx_word' id='word_1_75' title='bbox 424 1797 444 1838; x_wconf 89' lang='lat' dir='ltr'>a</span> <span class='ocrx_word' id='word_1_76' title='bbox 457 1776 494 1836; x_wconf 91' lang='lat' dir='ltr'>L.</span> <span class='ocrx_word' id='word_1_77' title='bbox 507 1772 619 1838; x_wconf 85' lang='lat' dir='ltr'>Vettio</span> <span class='ocrx_word' id='word_1_78' title='bbox 628 1768 763 1852; x_wconf 82' lang='lat' dir='ltr'>ludite,</span> <span class='ocrx_word' id='word_1_79' title='bbox 776 1785 810 1836; x_wconf 92' lang='lat' dir='ltr'>et</span> <span class='ocrx_word' id='word_1_80' title='bbox 818 1773 853 1837; x_wconf 93' lang='lat' dir='ltr'>in</span> <span class='ocrx_word' id='word_1_81' title='bbox 865 1773 1017 1838; x_wconf 88' lang='lat' dir='ltr'>Senatua</span> <span class='ocrx_word' id='word_1_82' title='bbox 1026 1776 1066 1857; x_wconf 92' lang='lat' dir='ltr'>Q.</span> <span class='ocrx_word' id='word_1_83' title='bbox 1077 1773 1194 1838; x_wconf 86' lang='lat' dir='ltr'>Curio:</span> <span class='ocrx_word' id='word_1_84' title='bbox 1208 1774 1281 1854; x_wconf 90' lang='lat' dir='ltr'>cui,</span> <span class='ocrx_word' id='word_1_85' title='bbox 1297 1766 1393 1866; x_wconf 94' lang='lat' dir='ltr'>quod</span> 
     </span>
     <span class='ocr_line' id='line_1_13' title="bbox 339 1877 1395 1979; baseline -0.005 -31"><span class='ocrx_word' id='word_1_86' title='bbox 339 1885 469 1974; x_wconf 83' lang='lat' dir='ltr'>primus</span> <span class='ocrx_word' id='word_1_87' title='bbox 481 1880 622 1948; x_wconf 89' lang='lat' dir='ltr'>consilia</span> <span class='ocrx_word' id='word_1_88' title='bbox 632 1877 1084 1979; x_wconf 82' lang='lat' dir='ltr'>conjuratorumdetexerat,</span> <span class='ocrx_word' id='word_1_89' title='bbox 1096 1883 1280 1949; x_wconf 90' lang='lat' dir='ltr'>constituta</span> <span class='ocrx_word' id='word_1_90' title='bbox 1292 1892 1395 1946; x_wconf 88' lang='lat' dir='ltr'>erant</span> 
     </span>
     <span class='ocr_line' id='line_1_14' title="bbox 316 1987 1393 2084; baseline -0.003 -27"><span class='ocrx_word' id='word_1_91' title='bbox 316 1989 320 2006; x_wconf 66' lang='lat'><strong><em>¹</em></strong></span> <span class='ocrx_word' id='word_1_92' title='bbox 339 1990 473 2084; x_wconf 91' lang='lat' dir='ltr'>publice</span> <span class='ocrx_word' id='word_1_93' title='bbox 491 1992 640 2083; x_wconf 73' lang='lat' dir='ltr'>praemia.</span> <span class='ocrx_word' id='word_1_94' title='bbox 659 1993 797 2072; x_wconf 85' lang='lat' dir='ltr'>Curius,</span> <span class='ocrx_word' id='word_1_95' title='bbox 816 2014 835 2056; x_wconf 91' lang='lat' dir='ltr'>e</span> <span class='ocrx_word' id='word_1_96' title='bbox 851 1989 992 2058; x_wconf 85' lang='lat' dir='ltr'>Catilina</span> <span class='ocrx_word' id='word_1_97' title='bbox 1010 2014 1046 2058; x_wconf 91' lang='lat' dir='ltr'>se</span> <span class='ocrx_word' id='word_1_98' title='bbox 1065 1993 1279 2082; x_wconf 85' lang='lat' dir='ltr'>cognovisse,</span> <span class='ocrx_word' id='word_1_99' title='bbox 1304 1987 1393 2055; x_wconf 81' lang='lat' dir='ltr'>dice·</span> 
     </span>
     <span class='ocr_line' id='line_1_15' title="bbox 338 2097 1392 2192; baseline 0 -26"><span class='ocrx_word' id='word_1_100' title='bbox 338 2099 413 2166; x_wconf 88' lang='lat' dir='ltr'>bat:</span> <span class='ocrx_word' id='word_1_101' title='bbox 430 2101 560 2167; x_wconf 90' lang='lat' dir='ltr'>Vettius</span> <span class='ocrx_word' id='word_1_102' title='bbox 579 2103 681 2167; x_wconf 87' lang='lat' dir='ltr'>etiam</span> <span class='ocrx_word' id='word_1_103' title='bbox 697 2099 959 2192; x_wconf 79' lang='lat' dir='ltr'>chirographum</span> <span class='ocrx_word' id='word_1_104' title='bbox 975 2097 1065 2192; x_wconf 86' lang='lat' dir='ltr'>ejus,</span> <span class='ocrx_word' id='word_1_105' title='bbox 1083 2100 1234 2168; x_wconf 75' lang='lat' dir='ltr'>Catilium</span> <span class='ocrx_word' id='word_1_106' title='bbox 1247 2098 1392 2178; x_wconf 89' lang='lat' dir='ltr'>datum,</span> 
     </span>
     <span class='ocr_line' id='line_1_16' title="bbox 338 2199 1392 2304; baseline -0.001 -27"><span class='ocrx_word' id='word_1_107' title='bbox 338 2209 570 2304; x_wconf 88' lang='lat' dir='ltr'>pollicebatur.</span> <span class='ocrx_word' id='word_1_108' title='bbox 588 2211 627 2278; x_wconf 96' lang='lat' dir='ltr'>Id</span> <span class='ocrx_word' id='word_1_109' title='bbox 644 2234 724 2277; x_wconf 85' lang='lat' dir='ltr'>vero</span> <span class='ocrx_word' id='word_1_110' title='bbox 738 2214 850 2276; x_wconf 86' lang='lat' dir='ltr'>Caesar</span> <span class='ocrx_word' id='word_1_111' title='bbox 864 2208 959 2278; x_wconf 93' lang='lat' dir='ltr'>nullo</span> <span class='ocrx_word' id='word_1_112' title='bbox 975 2209 1077 2278; x_wconf 89' lang='lat' dir='ltr'>modo</span> <span class='ocrx_word' id='word_1_113' title='bbox 1092 2199 1311 2279; x_wconf 83' lang='lat' dir='ltr'>tolerandum</span> <span class='ocrx_word' id='word_1_114' title='bbox 1326 2211 1392 2277; x_wconf 87' lang='lat' dir='ltr'>cxi·</span> 
     </span>
     <span class='ocr_line' id='line_1_17' title="bbox 339 2320 1390 2416; baseline -0.001 -27"><span class='ocrx_word' id='word_1_115' title='bbox 339 2324 496 2404; x_wconf 87' lang='lat' dir='ltr'>stimans,</span> <span class='ocrx_word' id='word_1_116' title='bbox 507 2345 629 2415; x_wconf 89' lang='lat' dir='ltr'>quum,</span> <span class='ocrx_word' id='word_1_117' title='bbox 641 2320 822 2413; x_wconf 91' lang='lat' dir='ltr'>implorato</span> <span class='ocrx_word' id='word_1_118' title='bbox 830 2323 999 2387; x_wconf 87' lang='lat' dir='ltr'>Ciceronis</span> <span class='ocrx_word' id='word_1_119' title='bbox 1008 2323 1216 2403; x_wconf 91' lang='lat' dir='ltr'>testimonio,</span> <span class='ocrx_word' id='word_1_120' title='bbox 1229 2320 1390 2416; x_wconf 85' lang='lat' dir='ltr'>quaedam</span> 
     </span>
     <span class='ocr_line' id='line_1_18' title="bbox 341 2429 1390 2525; baseline -0.004 -24"><span class='ocrx_word' id='word_1_121' title='bbox 341 2457 376 2501; x_wconf 89' lang='lat' dir='ltr'>se</span> <span class='ocrx_word' id='word_1_122' title='bbox 390 2432 438 2500; x_wconf 89' lang='lat' dir='ltr'>de</span> <span class='ocrx_word' id='word_1_123' title='bbox 450 2429 680 2525; x_wconf 87' lang='lat' dir='ltr'>conjuratione</span> <span class='ocrx_word' id='word_1_124' title='bbox 694 2431 784 2499; x_wconf 91' lang='lat' dir='ltr'>ultro</span> <span class='ocrx_word' id='word_1_125' title='bbox 799 2431 841 2498; x_wconf 93' lang='lat' dir='ltr'>ad</span> <span class='ocrx_word' id='word_1_126' title='bbox 856 2455 934 2498; x_wconf 91' lang='lat' dir='ltr'>eum</span> <span class='ocrx_word' id='word_1_127' title='bbox 946 2431 1125 2515; x_wconf 88' lang='lat' dir='ltr'>detulisse,</span> <span class='ocrx_word' id='word_1_128' title='bbox 1140 2431 1330 2516; x_wconf 89' lang='lat' dir='ltr'>docuisset,</span> <span class='ocrx_word' id='word_1_129' title='bbox 1348 2453 1390 2498; x_wconf 90' lang='lat' dir='ltr'>ne</span> 
     </span>
    </p>
   </div>
   <div class='ocr_carea' id='block_1_4' title="bbox 338 2653 1391 4302">
    <p class='ocr_par' dir='ltr' id='par_1_4' title="bbox 339 2653 1391 2884">
     <span class='ocr_line' id='line_1_19' title="bbox 375 2653 1388 2727; baseline -0.007 -18"><span class='ocrx_word' id='word_1_130' title='bbox 375 2655 400 2722; x_wconf 71' lang='grc'>4.</span> <span class='ocrx_word' id='word_1_131' title='bbox 416 2655 454 2709; x_wconf 83' lang='lat' dir='ltr'>Ob</span> <span class='ocrx_word' id='word_1_132' title='bbox 462 2657 581 2708; x_wconf 83' lang='lat' dir='ltr'>eumdem</span> <span class='ocrx_word' id='word_1_133' title='bbox 591 2667 682 2708; x_wconf 82' lang='lat' dir='ltr'>cetum</span> <span class='ocrx_word' id='word_1_134' title='bbox 688 2695 697 2722; x_wconf 94' lang='lat'><strong><em>,</em></strong></span> <span class='ocrx_word' id='word_1_135' title='bbox 709 2654 843 2708; x_wconf 87' lang='lat' dir='ltr'>turbulen-</span> <span class='ocrx_word' id='word_1_136' title='bbox 884 2656 956 2709; x_wconf 90' lang='lat' dir='ltr'>Cort.</span> <span class='ocrx_word' id='word_1_137' title='bbox 969 2655 1003 2708; x_wconf 89' lang='lat' dir='ltr'>ad</span> <span class='ocrx_word' id='word_1_138' title='bbox 1015 2654 1119 2708; x_wconf 84' lang='lat' dir='ltr'>Sallust.</span> <span class='ocrx_word' id='word_1_139' title='bbox 1129 2656 1189 2727; x_wconf 86' lang='lat' dir='ltr'>Jug.</span> <span class='ocrx_word' id='word_1_140' title='bbox 1200 2655 1248 2721; x_wconf 73' lang='lat' dir='ltr'>lo,</span> <span class='ocrx_word' id='word_1_141' title='bbox 1258 2668 1285 2706; x_wconf 91' lang='lat' dir='ltr'>et</span> <span class='ocrx_word' id='word_1_142' title='bbox 1297 2653 1388 2724; x_wconf 87' lang='lat' dir='ltr'>Sigon.</span> 
     </span>
     <span class='ocr_line' id='line_1_20' title="bbox 339 2731 1391 2806; baseline -0.003 -20"><span class='ocrx_word' id='word_1_143' title='bbox 339 2747 394 2786; x_wconf 89' lang='lat' dir='ltr'>tam</span> <span class='ocrx_word' id='word_1_144' title='bbox 405 2733 648 2786; x_wconf 78' lang='lat' dir='ltr'>multitudinem-</span> <span class='ocrx_word' id='word_1_145' title='bbox 656 2735 774 2802; x_wconf 69' lang='grc' dir='ltr'><strong><em>Οοαοειιε,</em></strong></span> <span class='ocrx_word' id='word_1_146' title='bbox 782 2753 843 2787; x_wconf 87' lang='lat' dir='ltr'>con·</span> <span class='ocrx_word' id='word_1_147' title='bbox 885 2731 919 2786; x_wconf 89' lang='lat' dir='ltr'>de</span> <span class='ocrx_word' id='word_1_148' title='bbox 927 2734 1016 2787; x_wconf 81' lang='lat' dir='ltr'>ludio.</span> <span class='ocrx_word' id='word_1_149' title='bbox 1027 2737 1064 2802; x_wconf 85' lang='lat'>11,</span> <span class='ocrx_word' id='word_1_150' title='bbox 1075 2736 1123 2800; x_wconf 83' lang='lat'>33,</span> <span class='ocrx_word' id='word_1_151' title='bbox 1134 2753 1161 2806; x_wconf 91' lang='lat' dir='ltr'>p.</span> <span class='ocrx_word' id='word_1_152' title='bbox 1173 2734 1317 2804; x_wconf 71' lang='lat'>676.-1;.</span> <span class='ocrx_word' id='word_1_153' title='bbox 1331 2733 1360 2788; x_wconf 86' lang='lat' dir='ltr'><em>V</em></span> <span class='ocrx_word' id='word_1_154' title='bbox 1356 2743 1391 2783; x_wconf 84' lang='lat' dir='ltr'>et·</span> 
     </span>
     <span class='ocr_line' id='line_1_21' title="bbox 340 2815 1391 2884; baseline -0.003 -20"><span class='ocrx_word' id='word_1_155' title='bbox 340 2827 458 2866; x_wconf 83' lang='lat' dir='ltr'>vooatus.</span> <span class='ocrx_word' id='word_1_156' title='bbox 885 2815 921 2866; x_wconf 88' lang='lat' dir='ltr'>tio</span> <span class='ocrx_word' id='word_1_157' title='bbox 932 2815 1033 2867; x_wconf 84' lang='lat' dir='ltr'>Judice.</span> <span class='ocrx_word' id='word_1_158' title='bbox 1047 2817 1105 2866; x_wconf 86' lang='lat' dir='ltr'>Hoc</span> <span class='ocrx_word' id='word_1_159' title='bbox 1117 2832 1264 2884; x_wconf 79' lang='lat' dir='ltr'>cognomen</span> <span class='ocrx_word' id='word_1_160' title='bbox 1277 2833 1294 2866; x_wconf 89' lang='lat' dir='ltr'>e</span> <span class='ocrx_word' id='word_1_161' title='bbox 1306 2829 1391 2864; x_wconf 88' lang='lat' dir='ltr'>mem·</span> 
     </span>
    </p>

    <p class='ocr_par' dir='ltr' id='par_1_5' title="bbox 341 2889 1390 3039">
     <span class='ocr_line' id='line_1_22' title="bbox 376 2889 1390 2964; baseline -0.002 -23"><span class='ocrx_word' id='word_1_162' title='bbox 376 2891 400 2943; x_wconf 83' lang='grc'>5.</span> <span class='ocrx_word' id='word_1_163' title='bbox 416 2891 572 2945; x_wconf 79' lang='lat' dir='ltr'>Inducta...</span> <span class='ocrx_word' id='word_1_164' title='bbox 585 2933 590 2943; x_wconf 95' lang='lat'>.</span> <span class='ocrx_word' id='word_1_165' title='bbox 603 2894 715 2960; x_wconf 77' lang='lat' dir='ltr'>decreto,</span> <span class='ocrx_word' id='word_1_166' title='bbox 725 2892 840 2959; x_wconf 77' lang='lat' dir='ltr'>abolito,</span> <span class='ocrx_word' id='word_1_167' title='bbox 884 2889 989 2957; x_wconf 87' lang='lat' dir='ltr'>branis,</span> <span class='ocrx_word' id='word_1_168' title='bbox 1002 2894 1089 2944; x_wconf 89' lang='lat' dir='ltr'>uumis</span> <span class='ocrx_word' id='word_1_169' title='bbox 1108 2905 1134 2945; x_wconf 87' lang='lat' dir='ltr'>et</span> <span class='ocrx_word' id='word_1_170' title='bbox 1150 2891 1284 2964; x_wconf 83' lang='lat' dir='ltr'>lapidibus</span> <span class='ocrx_word' id='word_1_171' title='bbox 1299 2891 1390 2944; x_wconf 84' lang='lat' dir='ltr'>Vettio</span> 
     </span>
     <span class='ocr_line' id='line_1_23' title="bbox 341 2968 1389 3039; baseline -0.001 -18"><span class='ocrx_word' id='word_1_172' title='bbox 341 2969 438 3021; x_wconf 90' lang='lat' dir='ltr'>deleto.</span> <span class='ocrx_word' id='word_1_173' title='bbox 773 3003 775 3008; x_wconf 93' lang='lat'>·</span> <span class='ocrx_word' id='word_1_174' title='bbox 885 2968 1389 3039; x_wconf 83' lang='lat' dir='ltr'>asseruereGrarv.‚Casaub.,0udend.‚</span> 
     </span>
    </p>

    <p class='ocr_par' dir='ltr' id='par_1_6' title="bbox 338 3047 1390 4302">
     <span class='ocr_line' id='line_1_24' title="bbox 374 3047 1390 3122; baseline -0.001 -23"><span class='ocrx_word' id='word_1_175' title='bbox 374 3047 456 3099; x_wconf 87' lang='lat' dir='ltr'>XVll.</span> <span class='ocrx_word' id='word_1_176' title='bbox 479 3065 500 3100; x_wconf 92' lang='lat' dir='ltr'>r.</span> <span class='ocrx_word' id='word_1_177' title='bbox 513 3051 628 3102; x_wconf 82' lang='lat' dir='ltr'>Novium</span> <span class='ocrx_word' id='word_1_178' title='bbox 639 3051 753 3122; x_wconf 71' lang='lat' dir='ltr'>Nigrum</span> <span class='ocrx_word' id='word_1_179' title='bbox 768 3052 842 3120; x_wconf 81' lang='lat' dir='ltr'>Quoe-</span> <span class='ocrx_word' id='word_1_180' title='bbox 884 3049 1095 3113; x_wconf 81' lang='lat' dir='ltr'>uuhnt.‚w01f.</span> <span class='ocrx_word' id='word_1_181' title='bbox 1104 3051 1200 3102; x_wconf 87' lang='lat' dir='ltr'>Contra</span> <span class='ocrx_word' id='word_1_182' title='bbox 1208 3053 1307 3116; x_wconf 79' lang='lat' dir='ltr'>Burm,</span> <span class='ocrx_word' id='word_1_183' title='bbox 1316 3053 1390 3112; x_wconf 76' lang='lat' dir='ltr'>Erm,</span> 
     </span>
     <span class='ocr_line' id='line_1_25' title="bbox 338 3126 1390 3200; baseline -0.002 -20"><span class='ocrx_word' id='word_1_184' title='bbox 338 3126 840 3198; x_wconf 78' lang='lat' dir='ltr'>storem.Ambigoadbuc‚Quoestorem</span> <span class='ocrx_word' id='word_1_185' title='bbox 886 3128 957 3181; x_wconf 80' lang='lat' dir='ltr'>MSS.</span> <span class='ocrx_word' id='word_1_186' title='bbox 975 3129 1091 3200; x_wconf 86' lang='lat' dir='ltr'>probant</span> <span class='ocrx_word' id='word_1_187' title='bbox 1111 3129 1390 3200; x_wconf 82' lang='lat' dir='ltr'>seripturam&#39;indt&#39;ce,</span> 
     </span>
     <span class='ocr_line' id='line_1_26' title="bbox 340 3205 1389 3282; baseline 0.001 -24"><span class='ocrx_word' id='word_1_188' title='bbox 340 3205 484 3273; x_wconf 86' lang='lat' dir='ltr'>urbanum,</span> <span class='ocrx_word' id='word_1_189' title='bbox 494 3224 527 3256; x_wconf 87' lang='lat' dir='ltr'>an</span> <span class='ocrx_word' id='word_1_190' title='bbox 540 3209 719 3277; x_wconf 69' lang='lat' dir='ltr'>quesitorem,</span> <span class='ocrx_word' id='word_1_191' title='bbox 731 3227 765 3260; x_wconf 90' lang='lat' dir='ltr'>an</span> <span class='ocrx_word' id='word_1_192' title='bbox 771 3207 842 3279; x_wconf 87' lang='lat' dir='ltr'>judi·</span> <span class='ocrx_word' id='word_1_193' title='bbox 886 3207 1138 3281; x_wconf 86' lang='lat' dir='ltr'>eumdemquebunc</span> <span class='ocrx_word' id='word_1_194' title='bbox 1146 3223 1253 3282; x_wconf 83' lang='lat' dir='ltr'>putant,</span> <span class='ocrx_word' id='word_1_195' title='bbox 1262 3213 1389 3281; x_wconf 87' lang='lat' dir='ltr'>quicom-</span> 
     </span>
     <span class='ocr_line' id='line_1_27' title="bbox 339 3284 1389 3360; baseline 0.002 -24"><span class='ocrx_word' id='word_1_196' title='bbox 339 3302 398 3336; x_wconf 89' lang='lat' dir='ltr'>cem</span> <span class='ocrx_word' id='word_1_197' title='bbox 413 3286 566 3353; x_wconf 75' lang='lat' dir='ltr'>questionis</span> <span class='ocrx_word' id='word_1_198' title='bbox 578 3284 738 3356; x_wconf 80' lang='lat' dir='ltr'>intelligam,</span> <span class='ocrx_word' id='word_1_199' title='bbox 754 3305 841 3358; x_wconf 85' lang='lat' dir='ltr'>neque</span> <span class='ocrx_word' id='word_1_200' title='bbox 886 3300 1046 3340; x_wconf 83' lang='lat' dir='ltr'>memoratur</span> <span class='ocrx_word' id='word_1_201' title='bbox 1056 3307 1116 3359; x_wconf 88' lang='lat' dir='ltr'>cap.</span> <span class='ocrx_word' id='word_1_202' title='bbox 1125 3305 1172 3353; x_wconf 72' lang='lat' dir='ltr'>ao⁷</span> <span class='ocrx_word' id='word_1_203' title='bbox 1183 3290 1229 3360; x_wconf 93' lang='lat' dir='ltr'>qui</span> <span class='ocrx_word' id='word_1_204' title='bbox 1239 3305 1287 3359; x_wconf 86' lang='lat' dir='ltr'>per</span> <span class='ocrx_word' id='word_1_205' title='bbox 1295 3299 1389 3341; x_wconf 86' lang='lat' dir='ltr'>contu·</span> 
     </span>
     <span class='ocr_line' id='line_1_28' title="bbox 339 3361 1390 3441; baseline 0.001 -26"><span class='ocrx_word' id='word_1_206' title='bbox 339 3361 417 3415; x_wconf 84' lang='lat' dir='ltr'>facile</span> <span class='ocrx_word' id='word_1_207' title='bbox 423 3381 477 3413; x_wconf 89' lang='lat' dir='ltr'>rem</span> <span class='ocrx_word' id='word_1_208' title='bbox 483 3361 720 3435; x_wconf 82' lang='lat' dir='ltr'>aliquisdeiinierit.</span> <span class='ocrx_word' id='word_1_209' title='bbox 728 3365 840 3418; x_wconf 90' lang='lat' dir='ltr'>Plurima</span> <span class='ocrx_word' id='word_1_210' title='bbox 886 3365 991 3418; x_wconf 74' lang='lat' dir='ltr'>melium</span> <span class='ocrx_word' id='word_1_211' title='bbox 1002 3367 1080 3420; x_wconf 82' lang='lat' dir='ltr'>index</span> <span class='ocrx_word' id='word_1_212' title='bbox 1088 3368 1237 3441; x_wconf 81' lang='lat' dir='ltr'>appellatus</span> <span class='ocrx_word' id='word_1_213' title='bbox 1246 3370 1309 3420; x_wconf 85' lang='lat' dir='ltr'>Ern.</span> <span class='ocrx_word' id='word_1_214' title='bbox 1319 3363 1390 3419; x_wconf 81' lang='lat' dir='ltr'>vide·</span> 
     </span>
     <span class='ocr_line' id='line_1_29' title="bbox 339 3440 1389 3516; baseline -0.004 -19"><span class='ocrx_word' id='word_1_215' title='bbox 339 3459 427 3497; x_wconf 86' lang='lat' dir='ltr'>tamon</span> <span class='ocrx_word' id='word_1_216' title='bbox 438 3440 539 3494; x_wconf 84' lang='lat' dir='ltr'>videtur</span> <span class='ocrx_word' id='word_1_217' title='bbox 549 3443 578 3497; x_wconf 90' lang='lat' dir='ltr'>b.</span> <span class='ocrx_word' id='word_1_218' title='bbox 586 3443 604 3496; x_wconf 92' lang='lat' dir='ltr'>l.</span> <span class='ocrx_word' id='word_1_219' title='bbox 616 3463 673 3497; x_wconf 86' lang='lat' dir='ltr'>esse</span> <span class='ocrx_word' id='word_1_220' title='bbox 681 3447 785 3498; x_wconf 86' lang='lat' dir='ltr'>Ernesti</span> <span class='ocrx_word' id='word_1_221' title='bbox 795 3465 841 3497; x_wconf 88' lang='lat' dir='ltr'>au·</span> <span class='ocrx_word' id='word_1_222' title='bbox 885 3457 936 3496; x_wconf 90' lang='lat' dir='ltr'>tur.</span> <span class='ocrx_word' id='word_1_223' title='bbox 947 3445 1047 3498; x_wconf 79' lang='lat' dir='ltr'>Sedsix</span> <span class='ocrx_word' id='word_1_224' title='bbox 1057 3461 1123 3516; x_wconf 90' lang='lat' dir='ltr'>puto</span> <span class='ocrx_word' id='word_1_225' title='bbox 1130 3487 1138 3514; x_wconf 81' lang='lat'>,</span> <span class='ocrx_word' id='word_1_226' title='bbox 1145 3446 1217 3500; x_wconf 90' lang='lat' dir='ltr'>bunc</span> <span class='ocrx_word' id='word_1_227' title='bbox 1227 3460 1281 3499; x_wconf 84' lang='lat' dir='ltr'>tam</span> <span class='ocrx_word' id='word_1_228' title='bbox 1291 3443 1389 3500; x_wconf 86' lang='lat' dir='ltr'>acerbe</span> 
     </span>
     <span class='ocr_line' id='line_1_30' title="bbox 340 3522 1386 3595; baseline -0.006 -19"><span class='ocrx_word' id='word_1_229' title='bbox 340 3525 462 3588; x_wconf 84' lang='lat' dir='ltr'>ctorites,</span> <span class='ocrx_word' id='word_1_230' title='bbox 481 3523 525 3593; x_wconf 91' lang='lat' dir='ltr'>qui</span> <span class='ocrx_word' id='word_1_231' title='bbox 544 3540 575 3573; x_wconf 83' lang='lat' dir='ltr'>ex</span> <span class='ocrx_word' id='word_1_232' title='bbox 588 3523 671 3574; x_wconf 90' lang='lat' dir='ltr'>Cicer.</span> <span class='ocrx_word' id='word_1_233' title='bbox 687 3543 735 3594; x_wconf 92' lang='lat' dir='ltr'>pro</span> <span class='ocrx_word' id='word_1_234' title='bbox 754 3523 839 3575; x_wconf 85' lang='lat' dir='ltr'>Flaco.</span> <span class='ocrx_word' id='word_1_235' title='bbox 886 3523 1012 3576; x_wconf 76' lang='lat' dir='ltr'>ttCusare</span> <span class='ocrx_word' id='word_1_236' title='bbox 1022 3522 1152 3590; x_wconf 85' lang='lat' dir='ltr'>habitum,</span> <span class='ocrx_word' id='word_1_237' title='bbox 1163 3538 1255 3595; x_wconf 86' lang='lat' dir='ltr'>postea</span> <span class='ocrx_word' id='word_1_238' title='bbox 1268 3522 1386 3594; x_wconf 82' lang='lat' dir='ltr'>ejusdem</span> 
     </span>
     <span class='ocr_line' id='line_1_31' title="bbox 344 3599 1388 3675; baseline 0 -23"><span class='ocrx_word' id='word_1_239' title='bbox 344 3601 388 3666; x_wconf 80' lang='lat'>13,</span> <span class='ocrx_word' id='word_1_240' title='bbox 411 3601 448 3652; x_wconf 90' lang='grc' dir='ltr'>Μ.</span> <span class='ocrx_word' id='word_1_241' title='bbox 472 3599 590 3652; x_wconf 87' lang='lat' dir='ltr'>Curtium</span> <span class='ocrx_word' id='word_1_242' title='bbox 611 3614 637 3652; x_wconf 91' lang='lat' dir='ltr'>et</span> <span class='ocrx_word' id='word_1_243' title='bbox 658 3603 684 3651; x_wconf 88' lang='grc' dir='ltr'>Ρ.</span> <span class='ocrx_word' id='word_1_244' title='bbox 707 3600 842 3654; x_wconf 82' lang='lat' dir='ltr'>Sextilium</span> <span class='ocrx_word' id='word_1_245' title='bbox 887 3619 971 3654; x_wconf 78' lang='lat' dir='ltr'>cause</span> <span class='ocrx_word' id='word_1_246' title='bbox 987 3605 1120 3670; x_wconf 82' lang='lat' dir='ltr'>serviisse,</span> <span class='ocrx_word' id='word_1_247' title='bbox 1137 3605 1254 3675; x_wconf 83' lang='lat' dir='ltr'>quamvis</span> <span class='ocrx_word' id='word_1_248' title='bbox 1269 3603 1388 3673; x_wconf 73' lang='lat' dir='ltr'>pessima·</span> 
     </span>
     <span class='ocr_line' id='line_1_32' title="bbox 341 3679 1387 3748; baseline -0.006 -16"><span class='ocrx_word' id='word_1_249' title='bbox 341 3699 373 3732; x_wconf 88' lang='lat' dir='ltr'>eo</span> <span class='ocrx_word' id='word_1_250' title='bbox 385 3699 456 3732; x_wconf 90' lang='lat' dir='ltr'>anno</span> <span class='ocrx_word' id='word_1_251' title='bbox 469 3681 618 3748; x_wconf 78' lang='lat' dir='ltr'>Quaestores</span> <span class='ocrx_word' id='word_1_252' title='bbox 633 3679 750 3733; x_wconf 87' lang='lat' dir='ltr'>urbanos</span> <span class='ocrx_word' id='word_1_253' title='bbox 762 3681 842 3732; x_wconf 80' lang='lat' dir='ltr'>fuisse</span> <span class='ocrx_word' id='word_1_254' title='bbox 887 3694 955 3733; x_wconf 84' lang='lat' dir='ltr'>note</span> <span class='ocrx_word' id='word_1_255' title='bbox 965 3679 1100 3734; x_wconf 87' lang='lat' dir='ltr'>hominem</span> <span class='ocrx_word' id='word_1_256' title='bbox 1111 3683 1206 3747; x_wconf 81' lang='lat' dir='ltr'>fuisse,</span> <span class='ocrx_word' id='word_1_257' title='bbox 1219 3699 1250 3734; x_wconf 83' lang='lat' dir='ltr'>ex</span> <span class='ocrx_word' id='word_1_258' title='bbox 1263 3679 1387 3732; x_wconf 90' lang='lat' dir='ltr'>omnibus</span> 
     </span>
     <span class='ocr_line' id='line_1_33' title="bbox 341 3758 1386 3832; baseline -0.003 -23"><span class='ocrx_word' id='word_1_259' title='bbox 341 3759 464 3811; x_wconf 87' lang='lat' dir='ltr'>ostendit.</span> <span class='ocrx_word' id='word_1_260' title='bbox 484 3759 603 3831; x_wconf 81' lang='lat' dir='ltr'>intellige</span> <span class='ocrx_word' id='word_1_261' title='bbox 621 3761 701 3830; x_wconf 87' lang='lat' dir='ltr'>igitur</span> <span class='ocrx_word' id='word_1_262' title='bbox 721 3761 841 3831; x_wconf 75' lang='lat' dir='ltr'>querito·</span> <span class='ocrx_word' id='word_1_263' title='bbox 885 3772 985 3830; x_wconf 85' lang='lat' dir='ltr'>pateat.</span> <span class='ocrx_word' id='word_1_264' title='bbox 997 3758 1063 3811; x_wconf 81' lang='lat' dir='ltr'>Vide</span> <span class='ocrx_word' id='word_1_265' title='bbox 1078 3779 1136 3832; x_wconf 83' lang='lat' dir='ltr'>cap.</span> <span class='ocrx_word' id='word_1_266' title='bbox 1151 3777 1200 3826; x_wconf 80' lang='lat' dir='ltr'>ao,</span> <span class='ocrx_word' id='word_1_267' title='bbox 1218 3773 1244 3812; x_wconf 88' lang='lat' dir='ltr'>et</span> <span class='ocrx_word' id='word_1_268' title='bbox 1256 3761 1291 3812; x_wconf 83' lang='lat' dir='ltr'>cf.</span> <span class='ocrx_word' id='word_1_269' title='bbox 1307 3760 1386 3811; x_wconf 84' lang='lat' dir='ltr'>etiam</span> 
     </span>
     <span class='ocr_line' id='line_1_34' title="bbox 340 3835 1385 3908; baseline -0.007 -18"><span class='ocrx_word' id='word_1_270' title='bbox 340 3855 408 3904; x_wconf 83' lang='lat' dir='ltr'>rem,</span> <span class='ocrx_word' id='word_1_271' title='bbox 423 3841 466 3891; x_wconf 87' lang='lat' dir='ltr'>oui</span> <span class='ocrx_word' id='word_1_272' title='bbox 481 3839 734 3892; x_wconf 79' lang='lat' dir='ltr'>extraordinarisde</span> <span class='ocrx_word' id='word_1_273' title='bbox 748 3837 841 3892; x_wconf 88' lang='lat' dir='ltr'>Catili·</span> <span class='ocrx_word' id='word_1_274' title='bbox 886 3838 955 3905; x_wconf 85' lang='lat' dir='ltr'>Dio,</span> <span class='ocrx_word' id='word_1_275' title='bbox 973 3837 1106 3906; x_wconf 76' lang='lat' dir='ltr'>XXXVII,</span> <span class='ocrx_word' id='word_1_276' title='bbox 1125 3841 1167 3907; x_wconf 58' lang='grc' dir='ltr'>ξι.</span> <span class='ocrx_word' id='word_1_277' title='bbox 1190 3869 1225 3879; x_wconf 93' lang='grc'>-</span> <span class='ocrx_word' id='word_1_278' title='bbox 1247 3839 1277 3908; x_wconf 84' lang='lat' dir='ltr'>Q.</span> <span class='ocrx_word' id='word_1_279' title='bbox 1302 3835 1385 3888; x_wconf 84' lang='lat' dir='ltr'>Curio.</span> 
     </span>
     <span class='ocr_line' id='line_1_35' title="bbox 340 3915 1385 3988; baseline -0.005 -22"><span class='ocrx_word' id='word_1_280' title='bbox 340 3916 420 3968; x_wconf 85' lang='lat' dir='ltr'>uariis</span> <span class='ocrx_word' id='word_1_281' title='bbox 433 3919 542 3987; x_wconf 69' lang='lat' dir='ltr'>questio</span> <span class='ocrx_word' id='word_1_282' title='bbox 556 3935 572 3969; x_wconf 86' lang='lat' dir='ltr'>a</span> <span class='ocrx_word' id='word_1_283' title='bbox 586 3917 684 3970; x_wconf 87' lang='lat' dir='ltr'>Senatu</span> <span class='ocrx_word' id='word_1_284' title='bbox 698 3917 785 3969; x_wconf 81' lang='lat' dir='ltr'>fuerat</span> <span class='ocrx_word' id='word_1_285' title='bbox 797 3915 842 3968; x_wconf 87' lang='lat' dir='ltr'>de·</span> <span class='ocrx_word' id='word_1_286' title='bbox 885 3917 981 3968; x_wconf 83' lang='lat' dir='ltr'>Fuerat</span> <span class='ocrx_word' id='word_1_287' title='bbox 999 3917 1021 3967; x_wconf 89' lang='lat' dir='ltr'>is</span> <span class='ocrx_word' id='word_1_288' title='bbox 1036 3929 1063 3967; x_wconf 87' lang='lat' dir='ltr'>et</span> <span class='ocrx_word' id='word_1_289' title='bbox 1075 3918 1133 3988; x_wconf 85' lang='lat' dir='ltr'>ipse</span> <span class='ocrx_word' id='word_1_290' title='bbox 1149 3918 1218 3968; x_wconf 86' lang='lat' dir='ltr'>inter</span> <span class='ocrx_word' id='word_1_291' title='bbox 1232 3917 1385 3984; x_wconf 82' lang='lat' dir='ltr'>conjuratos</span> 
     </span>
     <span class='ocr_line' id='line_1_36' title="bbox 340 3987 1386 4067; baseline 0.001 -24"><span class='ocrx_word' id='word_1_292' title='bbox 340 3991 473 4046; x_wconf 82' lang='lat' dir='ltr'>mandata.</span> <span class='ocrx_word' id='word_1_293' title='bbox 486 3995 515 4048; x_wconf 87' lang='lat' dir='ltr'>ld</span> <span class='ocrx_word' id='word_1_294' title='bbox 525 3997 581 4049; x_wconf 85' lang='lat' dir='ltr'>fieri</span> <span class='ocrx_word' id='word_1_295' title='bbox 593 3995 733 4049; x_wconf 86' lang='lat' dir='ltr'>solebatin</span> <span class='ocrx_word' id='word_1_296' title='bbox 745 3995 841 4067; x_wconf 79' lang='lat' dir='ltr'>gravis·</span> <span class='ocrx_word' id='word_1_297' title='bbox 887 3994 1005 4057; x_wconf 86' lang='lat' dir='ltr'>(Sallust.</span> <span class='ocrx_word' id='word_1_298' title='bbox 1022 3995 1098 4046; x_wconf 86' lang='lat' dir='ltr'>Catil.</span> <span class='ocrx_word' id='word_1_299' title='bbox 1117 3995 1162 4064; x_wconf 92' lang='lat'>¹7)</span> <span class='ocrx_word' id='word_1_300' title='bbox 1167 4033 1175 4060; x_wconf 92' lang='lat'><em>,</em></span> <span class='ocrx_word' id='word_1_301' title='bbox 1192 3994 1336 4066; x_wconf 86' lang='lat' dir='ltr'>perductus</span> <span class='ocrx_word' id='word_1_302' title='bbox 1351 3987 1386 4044; x_wconf 83' lang='lat' dir='ltr'>ad</span> 
     </span>
     <span class='ocr_line' id='line_1_37' title="bbox 339 4070 1384 4146; baseline -0.002 -23"><span class='ocrx_word' id='word_1_303' title='bbox 339 4072 411 4123; x_wconf 86' lang='lat' dir='ltr'>simis</span> <span class='ocrx_word' id='word_1_304' title='bbox 425 4074 595 4141; x_wconf 84' lang='lat' dir='ltr'>criminibus,</span> <span class='ocrx_word' id='word_1_305' title='bbox 613 4075 647 4128; x_wconf 87' lang='lat' dir='ltr'>de</span> <span class='ocrx_word' id='word_1_306' title='bbox 664 4075 760 4146; x_wconf 88' lang='lat' dir='ltr'>quibus</span> <span class='ocrx_word' id='word_1_307' title='bbox 773 4091 841 4125; x_wconf 92' lang='lat' dir='ltr'>non·</span> <span class='ocrx_word' id='word_1_308' title='bbox 885 4070 1051 4145; x_wconf 88' lang='lat' dir='ltr'>prodendam</span> <span class='ocrx_word' id='word_1_309' title='bbox 1065 4076 1275 4143; x_wconf 84' lang='lat' dir='ltr'>conjurationem</span> <span class='ocrx_word' id='word_1_310' title='bbox 1287 4093 1301 4128; x_wconf 85' lang='lat' dir='ltr'>a</span> <span class='ocrx_word' id='word_1_311' title='bbox 1313 4073 1384 4126; x_wconf 86' lang='lat' dir='ltr'>Cice-</span> 
     </span>
     <span class='ocr_line' id='line_1_38' title="bbox 340 4147 1381 4223; baseline -0.003 -20"><span class='ocrx_word' id='word_1_312' title='bbox 340 4149 403 4203; x_wconf 90' lang='lat' dir='ltr'>dum</span> <span class='ocrx_word' id='word_1_313' title='bbox 415 4149 456 4202; x_wconf 83' lang='lat' dir='ltr'>lex</span> <span class='ocrx_word' id='word_1_314' title='bbox 467 4165 523 4203; x_wconf 90' lang='lat' dir='ltr'>erat</span> <span class='ocrx_word' id='word_1_315' title='bbox 534 4154 599 4221; x_wconf 81' lang='lat' dir='ltr'>lata,</span> <span class='ocrx_word' id='word_1_316' title='bbox 612 4154 654 4206; x_wconf 83' lang='lat' dir='ltr'>vel</span> <span class='ocrx_word' id='word_1_317' title='bbox 662 4155 709 4206; x_wconf 94' lang='lat' dir='ltr'>ubi</span> <span class='ocrx_word' id='word_1_318' title='bbox 721 4151 841 4206; x_wconf 85' lang='lat' dir='ltr'>sufficere</span> <span class='ocrx_word' id='word_1_319' title='bbox 886 4169 951 4202; x_wconf 89' lang='lat' dir='ltr'>rone</span> <span class='ocrx_word' id='word_1_320' title='bbox 973 4171 1021 4223; x_wconf 88' lang='lat' dir='ltr'>por</span> <span class='ocrx_word' id='word_1_321' title='bbox 1042 4153 1169 4206; x_wconf 81' lang='lat' dir='ltr'>Fulviam.</span> <span class='ocrx_word' id='word_1_322' title='bbox 1192 4153 1296 4205; x_wconf 85' lang='lat' dir='ltr'>Sallust.</span> <span class='ocrx_word' id='word_1_323' title='bbox 1318 4147 1381 4205; x_wconf 87' lang='lat' dir='ltr'>ibid.</span> 
     </span>
     <span class='ocr_line' id='line_1_39' title="bbox 341 4227 990 4302; baseline -0.003 -21"><span class='ocrx_word' id='word_1_324' title='bbox 341 4249 395 4281; x_wconf 90' lang='lat' dir='ltr'>non</span> <span class='ocrx_word' id='word_1_325' title='bbox 414 4227 565 4297; x_wconf 80' lang='lat' dir='ltr'>videbatur,</span> <span class='ocrx_word' id='word_1_326' title='bbox 585 4251 641 4302; x_wconf 69' lang='lat' dir='ltr'>quse</span> <span class='ocrx_word' id='word_1_327' title='bbox 661 4233 759 4284; x_wconf 88' lang='lat' dir='ltr'>aderat.</span> <span class='ocrx_word' id='word_1_328' title='bbox 776 4230 840 4282; x_wconf 84' lang='lat' dir='ltr'>Vide</span> <span class='ocrx_word' id='word_1_329' title='bbox 887 4230 932 4295; x_wconf 75' lang='lat'>23,</span> <span class='ocrx_word' id='word_1_330' title='bbox 949 4230 990 4280; x_wconf 81' lang='lat'>26.</span> 
     </span>
    </p>
   </div>
   <div class='ocr_carea' id='block_1_5' title="bbox 0 0 1522 5128">
    <p class='ocr_par' dir='ltr' id='par_1_7' title="bbox 0 0 1522 5128">
     <span class='ocr_line' id='line_1_40' title="bbox 0 0 1522 5128; baseline 0 1"><span class='ocrx_word' id='word_1_331' title='bbox 0 0 1522 5128; x_wconf 95' lang='lat' dir='ltr'> </span> 
     </span>
    </p>
   </div>
  </div>
 </body>
</html>
