3040 5118
364 522 428 589 316
737 523 772 586 C.
798 520 1030 588 SUETONll

362 649 433 717 dies
447 652 533 716 inter
543 651 634 716 varia
645 646 863 732 munuscula,
877 663 970 740 togas
982 650 1120 738 insuper
1131 669 1171 714 ac
1181 646 1280 738 pallia
1291 645 1404 713 distri-

361 758 451 840 buit,
468 758 540 850 lege
558 760 747 850 proposita,
767 774 805 823 ut
823 759 965 823 Romani
983 759 1116 838 Graeco,
1132 759 1237 824 Graeci
1253 763 1405 823 Romano

362 870 477 938 babitu
496 886 529 936 et
547 892 701 936 sermone
720 882 904 935 uterentur.
928 869 1094 958 Spectavit
1111 865 1242 934 assidue
1261 884 1294 934 et
1313 890 1407 932 exer-

363 996 476 1048 centes
490 976 654 1071 ephebos‚
672 1001 818 1070 quorum
836 976 947 1070 aliqua
966 973 1078 1042 adhuc
1097 980 1192 1066 copia
1213 1001 1253 1042 ex
1275 984 1405 1042 ²vete're

363 1091 514 1156 instituto
525 1090 659 1179 Capreis
675 1103 754 1153 erat.
773 1084 895 1154 Iisdem
910 1089 1010 1152 etiam
1025 1083 1163 1177 epulum
1175 1089 1210 1152 in
1224 1101 1405 1177 conspectu

364 1225 427 1268 suo
441 1200 603 1293 praebuit,
622 1201 802 1290 permissa,
822 1200 925 1265 immo
944 1213 1078 1279 exacta,
1098 1194 1231 1288 jocandi
1255 1196 1406 1278 licentia,

365 1309 627 1406 diripiendique³
642 1335 821 1404 pomorum
836 1327 869 1376 et
882 1310 1099 1378 obsoniorum
1112 1334 1291 1404 renumque
1304 1312 1408 1377 missi·

365 1423 457 1492 lium,
473 1423 572 1492 Nullo
586 1421 731 1517 denique
746 1447 867 1516 genere
881 1421 1054 1489 hilaritatis
1069 1420 1237 1489 abstinuit.
1255 1425 1408 1489 Vicinam

365 1537 500 1628 Capreis
515 1533 659 1602 insulam
669 1544 852 1626 Ἀπραγὰπολιν
863 1530 1070 1625 appellabat,
1085 1531 1104 1598 a
1117 1531 1240 1600 desidia
1252 1530 1411 1600 seceden-

367 1648 451 1712 tium
466 1642 545 1712 illuc
560 1669 578 1711 e
593 1647 751 1711 comitatu
770 1667 842 1710 suo.
862 1643 925 1711 Sed
940 1667 979 1710 ex
993 1641 1122 1710 dilectis
1136 1666 1258 1724 unum,
1277 1645 1409 1732 Masga-

367 1753 433 1822 ban
455 1757 611 1836 nomine‚
635 1756 732 1848 quasi
754 1753 959 1821 conditorem
980 1753 1119 1834 insulae,
1143 1751 1268 1824 minti*
1287 1774 1409 1818 vocare

369 1881 564 1933 consuerat:
580 1862 681 1958 hujus
691 1865 876 1955 Masgabae,
891 1881 968 1932 ante
979 1889 1107 1932 annum
1119 1861 1283 1944 debincti,
1300 1879 1409 1928 tumu-

368 1972 440 2041 lum
454 1999 560 2068 quum
575 1999 594 2042 e
608 1974 752 2040 triclinio
766 1973 1055 2041 animadvertisset
1073 1997 1192 2064 magna
1209 1971 1309 2039 turba
1325 1969 1410 2038 mul·

369 2085 478 2178 tisque
491 2082 674 2151 luminibus
686 2083 906 2177 frequentari,
919 2108 1057 2151 versum
1069 2085 1289 2175 compositum
1302 2106 1323 2149 e
1334 2099 1411 2148 tem·

369 2217 451 2286 pore
467 2192 557 2260 clare
572 2196 822 2285 pronunciavit:

589 2311 700 2360 littorati
712 2302 738 2361 dl
749 2307 844 2382 πἰμβον
856 2309 944 2386 εἰσορῶ
956 2311 1121 2385 uupotlpsrou·

371 2433 620 2502 conversusque
634 2409 677 2476 ad
692 2409 949 2503 ⁵Tbrasyllum,
964 2411 1089 2479 Tiberii
1103 2413 1275 2492 comitem,
1295 2424 1411 2478 contra

371 2519 614 2601 accubantem,
641 2535 673 2586 et
698 2521 851 2610 ignarum
878 2524 949 2605 rei,
974 2524 1209 2616 interrogavit,
1236 2518 1410 2614 cujusnam

371 2647 478 2722 poetae
492 2647 625 2742 putaret
637 2655 720 2699 esse.
740 2636 815 2718 Quo
832 2631 1022 2718 haesitante,
1037 2637 1179 2729 subjecit
1190 2633 1312 2703 alium:

600 2751 664 2822 Ορᾴς
677 2747 769 2819 pu'aoot
780 2748 921 2824 Μασγᾶβαν
931 2751 1086 2826 τιμώμενονς

373 2871 413 2912 ac
423 2845 465 2912 de
477 2847 541 2914 hoc
551 2872 686 2942 quoque
695 2848 875 2917 consuluit.
889 2857 1002 2936 Quum
1016 2852 1072 2920 ille
1083 2851 1166 2920 nibil
1177 2849 1268 2919 aliud
1279 2875 1414 2944 respou-

374 2952 486 3036 deret,
500 2981 620 3048 quem,
638 2956 869 3054 cujuscunque
882 2979 1011 3045 essent,
1024 2965 1168 3055 optimos
1180 2986 1269 3046 esse,
1284 2961 1414 3030 meniu

375 3089 458 3132 num
477 3067 628 3148 sustulit,
648 3085 748 3163 atque
768 3073 803 3137 iu
818 3067 911 3161 jocos
925 3071 1052 3140 effusus
1067 3090 1127 3140 est.
1148 3077 1228 3140 Mox
1242 3070 1414 3164 Neapolim

375 3170 522 3265 trajecit,
538 3165 743 3270 quamquam
758 3182 857 3246 etiam
877 3197 949 3248 tum
967 3181 1107 3251 infirmis
1122 3185 1283 3250 intestinis
1296 3181 1415 3250 morbo

378 3287 524 3351 variante
538 3310 544 3349 :
562 3285 694 3352 tamen⁶
709 3304 742 3354 et
756 3289 1006 3383 quinquennale
1020 3309 1190 3361 certamen
1204 3292 1414 3387 gymnicum,

415 3523 440 3555 a.
459 3507 501 3556 Ex
518 3515 599 3556 uetere
617 3505 749 3566 iustituto;
767 3510 873 3571 Graec03
920 3513 1018 3584 lenger.
1038 3513 1071 3567 de
1089 3517 1182 3566 Venat.
1201 3515 1287 3576 Circi,
1305 3530 1370 3584 cap.
1388 3510 1415 3563 23

379 3600 438 3634 nem
452 3585 536 3635 Graeci
550 3584 664 3654 Capreae
677 3586 851 3638 incoluerant.
920 3590 1017 3659 (Thes.
1033 3605 1096 3643 tom.
1110 3593 1202 3662 1x‚p.
1216 3590 1292 3661 794).

414 3665 439 3715 3.
454 3664 876 3738 Diripieudiquepomontm‚etc.
958 3669 983 3736 4.
1002 3667 1096 3722 Karanis
1114 3687 1203 3721 vocare
1219 3680 1363 3720 consuerat.
1379 3668 1419 3717 Vl·
1502 3707 1503 3727 i

378 3745 417 3793 Dc
434 3741 486 3794 boc
502 3743 628 3813 loquendi
648 3743 725 3804 modo
739 3745 798 3796 vide
813 3747 878 3798 Gro·
922 3747 1418 3818 deturbicMasgabasejutjussueo-
1501 3773 1502 3784 π

379 3839 440 3872 nov.
453 3822 485 3872 ad
497 3822 563 3874 Gell.
577 3824 650 3888 XVl,
664 3825 695 3886 ὃς
713 3823 812 3876 Sanctii
827 3827 878 3878 Mi·
923 3825 998 3878 louos
1015 3827 1155 3878 deduxisse
1170 3827 1298 3897 Capreas,
1320 3843 1336 3876 a
1355 3825 1419 3876 Nea·

380 3919 450 3952 nerv.
465 3902 551 3968 111,8.
572 3903 631 3973 lpse
645 3905 876 3978 Cicero,Philipp.
923 3905 1047 3974 politauis
1071 3905 1264 3976 permutatione
1288 3919 1418 3976 acceptas-
1501 3967 1502 3972 ¹

379 3980 415 4044 V,
436 3980 468 4044 3,
490 3999 635 4050 «agrorum
657 3986 710 4036 suis
730 3984 878 4038 latronibus
923 3983 989 4036 Vide
1002 4002 1062 4054 cap.
1078 4001 1121 4052 9²·

379 4055 578 4109 condonandi.»
599 4061 698 4113 Nostro
714 4077 802 4116 tamen
819 4065 878 4116 loco
960 4062 984 4114 5.
1006 4062 1191 4133 Tbrusyllum;
1202 4061 1236 4113 de
1248 4079 1301 4132 quo
1310 4062 1374 4114 vide
1382 4063 1419 4113 Ti·

379 4135 451 4186 MSS·
471 4135 530 4200 ³¹52
552 4159 686 4212 rerumque
703 4142 818 4195 missilia.
841 4143 879 4194 De
925 4141 980 4193 ber.
997 4161 1056 4212 cap.
1073 4142 1111 4208 14.

381 4213 517 4267 missilibus
531 4217 565 4270 cl.
581 4219 678 4274 Neron.
693 4237 733 4272 11.
750 4221 816 4274 Vide
831 4222 880 4274 Bu·
960 4221 984 4273 6.
1000 4221 1098 4272 Tamen
1108 4219 1419 4292 etquiuqueuualecerts·
