3122 5134
340 537 402 582 vrrt
730 517 993 583 PRAEFATIO
1037 537 1041 558 ¹

261 707 265 714 ·
341 661 545 766 gartenius
560 659 835 755 excudendam
854 663 1010 738 curavit
1025 658 1189 738 alteram
1210 663 1398 768 Bipontl-

342 832 454 900 narn,
469 802 521 879 ad
539 802 788 880 Ernestianae
806 799 1033 910 exemplum
1050 804 1220 880 maxime
1237 827 1401 909 expres·

341 975 444 1043 sam,
462 945 530 1024 sed
547 914 816 1050 recognitam,
834 949 1030 1052 novisque
1047 949 1155 1025 curis
1169 944 1401 1025 felicissime

343 1088 607 1186 emendatam,
625 1091 677 1164 ita
697 1108 845 1186 tamen,
859 1109 907 1167 ut
928 1117 975 1166 ex
997 1088 1342 1196 Oudendorpiana
1358 1107 1403 1164 et

343 1227 549 1308 Wolfiana
583 1229 784 1336 quidquid
815 1226 1049 1308 melioribus
1081 1230 1287 1309 codicibus
1316 1225 1404 1307 ful-

343 1394 454 1469 tum,
477 1368 539 1450 vel
560 1369 710 1476 linguae
730 1391 771 1450 et
788 1373 912 1479 ipsius
932 1376 1106 1452 auctoris
1127 1376 1237 1470 usui,
1260 1399 1403 1451 rerum

344 1516 522 1621 denique
539 1518 698 1594 veritati
719 1516 1055 1596 accommodatius
1082 1517 1305 1613 videretur,
1329 1517 1404 1595 ad·

344 1660 470 1740 deret.
492 1661 633 1766 Neque
649 1656 794 1766 longus
808 1660 887 1738 fuit
901 1664 944 1739 in
964 1663 1258 1760 enumeranda,
1275 1688 1404 1768 quarn

345 1805 569 1909 superiores
594 1801 789 1880 editiones
816 1806 1085 1911 copiosissime
1110 1803 1401 1900 exhibuerant,

346 1945 530 2026 lectionis
557 1950 765 2050 varietate;
795 1947 864 2026 sed
901 1949 952 2026 de
981 1951 1232 2058 gravioribus
1259 1949 1405 2030 admo-

347 2091 500 2185 nuisse,
518 2085 601 2183 vel,
614 2115 708 2193 quae
729 2117 885 2168 caussas
909 2110 950 2168 et
965 2092 1163 2198 originem
1185 2094 1307 2169 variae
1329 2089 1406 2168 de-

348 2233 593 2339 pravationis
621 2229 809 2310 lectorem
838 2232 1050 2327 docerent,
1074 2261 1408 2313 commemorasse

350 2397 582 2486 contentus,
596 2377 711 2455 brevi
726 2396 884 2458 tanturn
900 2378 1188 2486 disputatione,
1206 2407 1281 2456 cur
1297 2378 1408 2454 hanc

349 2516 414 2596 vel
437 2517 547 2598 illam
568 2522 765 2597 rationem
788 2516 1051 2625 praetulisset,
1076 2523 1276 2626 exposuit;
1299 2522 1410 2596 inter

351 2660 583 2768 eligendum
604 2665 704 2739 mira
721 2661 901 2767 profecto
918 2689 994 2739 nec
1013 2664 1239 2739 intermissa
1258 2659 1409 2737 ductus

352 2804 582 2908 sagacitate,
608 2823 655 2880 ut
676 2800 964 2907 quodcumque
987 2800 1141 2878 bonum
1166 2820 1409 2906 rectumque

349 2939 609 3048 judicaverit,
628 2940 669 3017 id
679 2944 879 3050 optimum
893 2945 1043 3047 cuique
1058 2943 1409 3048 rectissimumque

351 3085 469 3165 Facile
484 3086 610 3166 videri
624 3085 781 3164 debeat.
798 3085 861 3163 Ad
878 3111 956 3164 nos
966 3105 1102 3162 antem
1116 3085 1226 3191 quod
1240 3090 1409 3183 attinet,

353 3234 551 3308 minutam
568 3233 611 3306 in
629 3233 826 3337 scriptura
843 3231 1254 3336 interpunctioneqne
1270 3255 1410 3306 emen-

352 3371 485 3450 danda
514 3372 774 3452 adhibuimus
796 3369 1076 3468 sedulitatem,
1104 3367 1210 3446 liber
1229 3370 1409 3475 denique

353 3544 406 3594 ne
429 3517 535 3594 vitiis
554 3512 843 3612 macularetur,
861 3543 953 3620 quae
972 3510 1215 3621 negligentia
1230 3515 1408 3620 peperit,

352 3661 396 3734 in
415 3685 535 3766 opere
549 3677 634 3736 toto
651 3654 955 3764 diligentissime
971 3657 1163 3732 cavimus.
1185 3653 1348 3757 Neque,
1375 3655 1408 3729 si

353 3800 589 3880 nominibus
613 3800 855 3907 quibusdam
880 3799 1017 3877 debita
1033 3796 1150 3906 plura
1171 3791 1301 3873 videri
1317 3823 1408 3902 pos·

351 3963 459 4044 sent,
478 3951 523 4024 in
537 3946 615 4026 hoc
629 3966 700 4022 aut
714 3944 1023 4024 detrectavimus
1037 3939 1239 4036 officium,
1258 3957 1330 4015 aut
1343 3940 1409 4013 in-

353 4089 509 4166 curiose
538 4089 660 4164 nimis
687 4114 772 4163 rem
806 4104 983 4162 nostram
1015 4085 1180 4187 egimus.
1214 4073 1410 4184 Exemplo

352 4251 492 4328 erunt,
504 4257 605 4334 quas
615 4227 694 4304 adJ
698 4225 753 4304 ul.
763 4228 963 4304 Caesarem
974 4243 1014 4302 et
1028 4225 1170 4300 Octav.
1180 4221 1408 4323 Augustum
