<?xml version="1.0" encoding="UTF-8"?>
<!DOCTYPE html PUBLIC "-//W3C//DTD XHTML 1.0 Transitional//EN"
    "http://www.w3.org/TR/xhtml1/DTD/xhtml1-transitional.dtd">
<html xmlns="http://www.w3.org/1999/xhtml" xml:lang="en" lang="en">
 <head>
  <title>
</title>
<meta http-equiv="Content-Type" content="text/html;charset=utf-8" />
  <meta name='ocr-system' content='tesseract 3.04.00' />
  <meta name='ocr-capabilities' content='ocr_page ocr_carea ocr_par ocr_line ocrx_word'/>
</head>
<body>
  <div class='ocr_page' id='page_1' title='image "./csuetoniitranqu02suetgoog_0014.png"; bbox 0 0 3122 5134; ppageno 0'>
   <div class='ocr_carea' id='block_1_1' title="bbox 254 475 1540 3881">
    <p class='ocr_par' dir='ltr' id='par_1_1' title="bbox 359 475 1013 558">
     <span class='ocr_line' id='line_1_1' title="bbox 359 475 1013 558; baseline 0.008 -4"><span class='ocrx_word' id='word_1_1' title='bbox 359 494 394 554; x_wconf 72' lang='lat' dir='ltr'><strong>u</strong></span> <span class='ocrx_word' id='word_1_2' title='bbox 750 475 1013 558; x_wconf 76' lang='lat' dir='ltr'><strong>ranrtrto</strong></span> 
     </span>
    </p>

    <p class='ocr_par' dir='ltr' id='par_1_2' title="bbox 254 634 1540 3881">
     <span class='ocr_line' id='line_1_2' title="bbox 358 634 1445 744; baseline 0.002 -32"><span class='ocrx_word' id='word_1_3' title='bbox 358 637 565 712; x_wconf 77' lang='lat' dir='ltr'><strong>sententiis</strong></span> <span class='ocrx_word' id='word_1_4' title='bbox 594 637 770 742; x_wconf 83' lang='lat' dir='ltr'>ipsisque</span> <span class='ocrx_word' id='word_1_5' title='bbox 798 664 901 744; x_wconf 86' lang='lat' dir='ltr'><strong>saepe</strong></span> <span class='ocrx_word' id='word_1_6' title='bbox 936 638 1070 715; x_wconf 88' lang='lat' dir='ltr'><strong>verbis</strong></span> <span class='ocrx_word' id='word_1_7' title='bbox 1099 634 1321 716; x_wconf 82' lang='lat' dir='ltr'><strong>clarissimi</strong></span> <span class='ocrx_word' id='word_1_8' title='bbox 1358 641 1445 718; x_wconf 87' lang='lat' dir='ltr'><strong>viri</strong></span> 
     </span>
     <span class='ocr_line' id='line_1_3' title="bbox 356 775 1495 883; baseline 0.006 -33"><span class='ocrx_word' id='word_1_9' title='bbox 356 775 657 882; x_wconf 87' lang='lat' dir='ltr'><strong>Baumgartenii</strong></span> <span class='ocrx_word' id='word_1_10' title='bbox 690 795 864 852; x_wconf 73' lang='lat' dir='ltr'><strong>utemur,</strong></span> <span class='ocrx_word' id='word_1_11' title='bbox 892 777 1085 854; x_wconf 90' lang='lat' dir='ltr'><strong>Eminent</strong></span> <span class='ocrx_word' id='word_1_12' title='bbox 1113 777 1296 883; x_wconf 51' lang='lat' dir='ltr'><strong>quidemr</strong></span> <span class='ocrx_word' id='word_1_13' title='bbox 1323 782 1446 856; x_wconf 87' lang='lat' dir='ltr'><strong>inter</strong></span> <span class='ocrx_word' id='word_1_14' title='bbox 1492 825 1495 832; x_wconf 85' lang='lat'><em>-</em></span> 
     </span>
     <span class='ocr_line' id='line_1_4' title="bbox 356 916 1442 1028; baseline 0.002 -34"><span class='ocrx_word' id='word_1_15' title='bbox 356 921 572 1025; x_wconf 91' lang='lat' dir='ltr'><strong>superioris</strong></span> <span class='ocrx_word' id='word_1_16' title='bbox 592 916 728 996; x_wconf 86' lang='lat' dir='ltr'><strong>saeculi</strong></span> <span class='ocrx_word' id='word_1_17' title='bbox 750 917 945 995; x_wconf 86' lang='lat' dir='ltr'><strong>editiones</strong></span> <span class='ocrx_word' id='word_1_18' title='bbox 966 937 1064 1028; x_wconf 81' lang='lat' dir='ltr'><strong>tres,</strong></span> <span class='ocrx_word' id='word_1_19' title='bbox 1087 919 1442 1015; x_wconf 89' lang='lat' dir='ltr'><strong>Burmanniana,</strong></span> 
     </span>
     <span class='ocr_line' id='line_1_5' title="bbox 357 1058 1445 1168; baseline -0.002 -30"><span class='ocrx_word' id='word_1_20' title='bbox 357 1059 720 1168; x_wconf 89' lang='lat' dir='ltr'><strong>Oudendorpiana,</strong></span> <span class='ocrx_word' id='word_1_21' title='bbox 744 1081 784 1137; x_wconf 90' lang='lat' dir='ltr'><strong>et</strong></span> <span class='ocrx_word' id='word_1_22' title='bbox 803 1062 1055 1156; x_wconf 89' lang='lat' dir='ltr'><strong>Ernestiana,</strong></span> <span class='ocrx_word' id='word_1_23' title='bbox 1084 1090 1106 1136; x_wconf 89' lang='lat' dir='ltr'><strong>a</strong></span> <span class='ocrx_word' id='word_1_24' title='bbox 1129 1058 1289 1138; x_wconf 84' lang='lat' dir='ltr'><strong>Wolfio</strong></span> <span class='ocrx_word' id='word_1_25' title='bbox 1315 1088 1445 1168; x_wconf 88' lang='lat' dir='ltr'><strong>repe·</strong></span> 
     </span>
     <span class='ocr_line' id='line_1_6' title="bbox 355 1199 1440 1300; baseline 0.001 -21"><span class='ocrx_word' id='word_1_26' title='bbox 355 1204 441 1299; x_wconf 76' lang='lat' dir='ltr'><strong>tita.</strong></span> <span class='ocrx_word' id='word_1_27' title='bbox 467 1205 665 1281; x_wconf 87' lang='lat' dir='ltr'><strong>Institutae</strong></span> <span class='ocrx_word' id='word_1_28' title='bbox 681 1223 817 1280; x_wconf 90' lang='lat' dir='ltr'><strong>autem</strong></span> <span class='ocrx_word' id='word_1_29' title='bbox 834 1223 930 1280; x_wconf 90' lang='lat' dir='ltr'><strong>sunt</strong></span> <span class='ocrx_word' id='word_1_30' title='bbox 948 1199 1116 1280; x_wconf 90' lang='lat' dir='ltr'><strong>consilio</strong></span> <span class='ocrx_word' id='word_1_31' title='bbox 1132 1221 1214 1278; x_wconf 90' lang='lat' dir='ltr'><strong>tam</strong></span> <span class='ocrx_word' id='word_1_32' title='bbox 1236 1202 1440 1300; x_wconf 90' lang='lat' dir='ltr'><strong>divers0,</strong></span> 
     </span>
     <span class='ocr_line' id='line_1_7' title="bbox 356 1344 1439 1453; baseline -0.002 -30"><span class='ocrx_word' id='word_1_33' title='bbox 356 1367 404 1423; x_wconf 89' lang='lat' dir='ltr'><strong>ut</strong></span> <span class='ocrx_word' id='word_1_34' title='bbox 414 1346 618 1425; x_wconf 89' lang='lat' dir='ltr'><strong>diversum</strong></span> <span class='ocrx_word' id='word_1_35' title='bbox 633 1349 753 1422; x_wconf 90' lang='lat' dir='ltr'><strong>etiam</strong></span> <span class='ocrx_word' id='word_1_36' title='bbox 767 1373 919 1442; x_wconf 91' lang='lat' dir='ltr'><strong>eorum,</strong></span> <span class='ocrx_word' id='word_1_37' title='bbox 931 1347 1003 1450; x_wconf 92' lang='lat' dir='ltr'><strong>qui</strong></span> <span class='ocrx_word' id='word_1_38' title='bbox 1016 1363 1202 1441; x_wconf 89' lang='lat' dir='ltr'><strong>utuntur,</strong></span> <span class='ocrx_word' id='word_1_39' title='bbox 1208 1344 1439 1453; x_wconf 88' lang='lat' dir='ltr'><strong>judicium</strong></span> 
     </span>
     <span class='ocr_line' id='line_1_8' title="bbox 356 1486 1441 1594; baseline 0 -31"><span class='ocrx_word' id='word_1_40' title='bbox 356 1490 576 1594; x_wconf 84' lang='lat' dir='ltr'><strong>requirant.</strong></span> <span class='ocrx_word' id='word_1_41' title='bbox 604 1487 744 1588; x_wconf 90' lang='lat' dir='ltr'><strong>Quum</strong></span> <span class='ocrx_word' id='word_1_42' title='bbox 769 1487 877 1562; x_wconf 89' lang='lat' dir='ltr'><strong>enim</strong></span> <span class='ocrx_word' id='word_1_43' title='bbox 903 1486 1162 1563; x_wconf 85' lang='lat' dir='ltr'><strong>Burmannus</strong></span> <span class='ocrx_word' id='word_1_44' title='bbox 1184 1489 1441 1592; x_wconf 86' lang='lat' dir='ltr'><strong>copiosissi-&#39;</strong></span> 
     </span>
     <span class='ocr_line' id='line_1_9' title="bbox 356 1630 1439 1736; baseline -0.001 -30"><span class='ocrx_word' id='word_1_45' title='bbox 356 1658 462 1706; x_wconf 91' lang='lat' dir='ltr'><strong>mam</strong></span> <span class='ocrx_word' id='word_1_46' title='bbox 478 1633 808 1728; x_wconf 81' lang='lat' dir='ltr'><strong>annotationum,</strong></span> <span class='ocrx_word' id='word_1_47' title='bbox 825 1655 924 1734; x_wconf 90' lang='lat' dir='ltr'><strong>quas</strong></span> <span class='ocrx_word' id='word_1_48' title='bbox 938 1630 1119 1732; x_wconf 86' lang='lat' dir='ltr'><strong>superior</strong></span> <span class='ocrx_word' id='word_1_49' title='bbox 1138 1646 1231 1706; x_wconf 89' lang='lat' dir='ltr'><strong>aetas</strong></span> <span class='ocrx_word' id='word_1_50' title='bbox 1247 1657 1439 1736; x_wconf 88' lang='lat' dir='ltr'><strong>pepere-</strong></span> 
     </span>
     <span class='ocr_line' id='line_1_10' title="bbox 356 1767 1488 1876; baseline -0.002 -31"><span class='ocrx_word' id='word_1_51' title='bbox 356 1790 435 1867; x_wconf 85' lang='lat' dir='ltr'><strong>rat,</strong></span> <span class='ocrx_word' id='word_1_52' title='bbox 449 1767 588 1848; x_wconf 84' lang='lat' dir='ltr'><strong>silvam</strong></span> <span class='ocrx_word' id='word_1_53' title='bbox 601 1797 674 1848; x_wconf 88' lang='lat' dir='ltr'><strong>suo</strong></span> <span class='ocrx_word' id='word_1_54' title='bbox 684 1773 828 1875; x_wconf 88' lang='lat' dir='ltr'><strong>suique</strong></span> <span class='ocrx_word' id='word_1_55' title='bbox 840 1770 1031 1876; x_wconf 87' lang='lat' dir='ltr'><strong>temporis</strong></span> <span class='ocrx_word' id='word_1_56' title='bbox 1044 1797 1154 1846; x_wconf 90' lang='lat' dir='ltr'><strong>more</strong></span> <span class='ocrx_word' id='word_1_57' title='bbox 1164 1767 1273 1875; x_wconf 89' lang='lat' dir='ltr'><strong>larga</strong></span> <span class='ocrx_word' id='word_1_58' title='bbox 1289 1799 1435 1848; x_wconf 88' lang='lat' dir='ltr'><strong>manu</strong></span> <span class='ocrx_word' id='word_1_59' title='bbox 1478 1831 1488 1843; x_wconf 90' lang='lat'>.</span> 
     </span>
     <span class='ocr_line' id='line_1_11' title="bbox 356 1911 1435 2020; baseline 0.001 -30"><span class='ocrx_word' id='word_1_60' title='bbox 356 1913 548 2012; x_wconf 86' lang='lat' dir='ltr'><strong>dedisset,</strong></span> <span class='ocrx_word' id='word_1_61' title='bbox 571 1911 1106 2018; x_wconf 87' lang='lat' dir='ltr'><strong>successitOudendorpius,</strong></span> <span class='ocrx_word' id='word_1_62' title='bbox 1123 1915 1314 2020; x_wconf 88' lang='lat' dir='ltr'><strong>princeps</strong></span> <span class='ocrx_word' id='word_1_63' title='bbox 1339 1914 1435 1992; x_wconf 84' lang='lat' dir='ltr'><strong>fere</strong></span> 
     </span>
     <span class='ocr_line' id='line_1_12' title="bbox 356 2055 1433 2137; baseline 0.002 -4"><span class='ocrx_word' id='word_1_64' title='bbox 356 2059 463 2134; x_wconf 90' lang='lat' dir='ltr'><strong>inter</strong></span> <span class='ocrx_word' id='word_1_65' title='bbox 489 2059 656 2136; x_wconf 89' lang='lat' dir='ltr'><strong>Batavos</strong></span> <span class='ocrx_word' id='word_1_66' title='bbox 681 2061 725 2134; x_wconf 92' lang='lat' dir='ltr'><strong>in</strong></span> <span class='ocrx_word' id='word_1_67' title='bbox 756 2055 965 2134; x_wconf 85' lang='lat' dir='ltr'><strong>elimandis</strong></span> <span class='ocrx_word' id='word_1_68' title='bbox 997 2059 1233 2136; x_wconf 89' lang='lat' dir='ltr'><strong>Latinorum</strong></span> <span class='ocrx_word' id='word_1_69' title='bbox 1267 2087 1433 2137; x_wconf 90' lang='lat' dir='ltr'><strong>monu-</strong></span> 
     </span>
     <span class='ocr_line' id='line_1_13' title="bbox 358 2186 1430 2310; baseline -0.001 -30"><span class='ocrx_word' id='word_1_70' title='bbox 358 2205 533 2282; x_wconf 87' lang='lat' dir='ltr'><strong>mentis:</strong></span> <span class='ocrx_word' id='word_1_71' title='bbox 559 2226 837 2310; x_wconf 88' lang='lat' dir='ltr'><strong>sequutusque</strong></span> <span class='ocrx_word' id='word_1_72' title='bbox 857 2186 1014 2280; x_wconf 50' lang='lat' dir='ltr'><strong>&#39;Graevii</strong></span> <span class='ocrx_word' id='word_1_73' title='bbox 1042 2221 1082 2278; x_wconf 90' lang='lat' dir='ltr'><strong>et</strong></span> <span class='ocrx_word' id='word_1_74' title='bbox 1111 2203 1430 2282; x_wconf 88' lang='lat' dir='ltr'><strong>Gronoviorum</strong></span> 
     </span>
     <span class='ocr_line' id='line_1_14' title="bbox 357 2333 1540 2450; baseline -0.001 -28"><span class='ocrx_word' id='word_1_75' title='bbox 357 2347 539 2450; x_wconf 86' lang='lat' dir='ltr'><strong>vestigia,</strong></span> <span class='ocrx_word' id='word_1_76' title='bbox 562 2363 672 2422; x_wconf 88' lang='lat' dir='ltr'><strong>tanta</strong></span> <span class='ocrx_word' id='word_1_77' title='bbox 698 2342 884 2422; x_wconf 83' lang='lat' dir='ltr'><strong>excelluit</strong></span> <span class='ocrx_word' id='word_1_78' title='bbox 903 2341 1109 2448; x_wconf 81' lang='lat' dir='ltr'><strong>diligentia</strong></span> <span class='ocrx_word' id='word_1_79' title='bbox 1135 2345 1179 2419; x_wconf 91' lang='lat' dir='ltr'><strong>in</strong></span> <span class='ocrx_word' id='word_1_80' title='bbox 1205 2333 1428 2439; x_wconf 61' lang='lat' dir='ltr'><strong>subsidiis}</strong></span> <span class='ocrx_word' id='word_1_81' title='bbox 1536 2421 1540 2431; x_wconf 82' lang='grc'>,</span> 
     </span>
     <span class='ocr_line' id='line_1_15' title="bbox 357 2486 1431 2594; baseline -0.003 -29"><span class='ocrx_word' id='word_1_82' title='bbox 357 2517 449 2594; x_wconf 89' lang='lat' dir='ltr'><strong>quae</strong></span> <span class='ocrx_word' id='word_1_83' title='bbox 461 2490 580 2564; x_wconf 90' lang='lat' dir='ltr'><strong>etiam</strong></span> <span class='ocrx_word' id='word_1_84' title='bbox 593 2515 697 2564; x_wconf 88' lang='lat' dir='ltr'><strong>nova</strong></span> <span class='ocrx_word' id='word_1_85' title='bbox 709 2486 818 2564; x_wconf 91' lang='lat' dir='ltr'><strong>haud</strong></span> <span class='ocrx_word' id='word_1_86' title='bbox 829 2515 957 2592; x_wconf 92' lang='lat' dir='ltr'><strong>pauca</strong></span> <span class='ocrx_word' id='word_1_87' title='bbox 970 2488 1006 2563; x_wconf 89' lang='lat' dir='ltr'><strong>ei</strong></span> <span class='ocrx_word' id='word_1_88' title='bbox 1021 2486 1299 2592; x_wconf 86' lang='lat' dir='ltr'><strong>suppetebant,</strong></span> <span class='ocrx_word' id='word_1_89' title='bbox 1311 2514 1431 2565; x_wconf 90' lang='lat' dir='ltr'><strong>com·</strong></span> 
     </span>
     <span class='ocr_line' id='line_1_16' title="bbox 355 2615 1431 2740; baseline -0.003 -34"><span class='ocrx_word' id='word_1_90' title='bbox 355 2629 544 2740; x_wconf 89' lang='lat' dir='ltr'><strong>parandis</strong></span> <span class='ocrx_word' id='word_1_91' title='bbox 557 2649 596 2706; x_wconf 88' lang='lat' dir='ltr'><strong>et</strong></span> <span class='ocrx_word' id='word_1_92' title='bbox 614 2627 859 2734; x_wconf 78' lang='lat' dir='ltr'><strong>digerendis,</strong></span> <span class='ocrx_word' id='word_1_93' title='bbox 880 2615 967 2703; x_wconf 91' lang='lat' dir='ltr'><strong>tum</strong></span> <span class='ocrx_word' id='word_1_94' title='bbox 994 2647 1177 2705; x_wconf 88' lang='lat' dir='ltr'><strong>accurata</strong></span> <span class='ocrx_word' id='word_1_95' title='bbox 1203 2625 1361 2736; x_wconf 78' lang='lat' dir='ltr'><strong>linguae</strong></span> <span class='ocrx_word' id='word_1_96' title='bbox 1386 2647 1431 2706; x_wconf 90' lang='lat' dir='ltr'><strong>et</strong></span> 
     </span>
     <span class='ocr_line' id='line_1_17' title="bbox 356 2770 1428 2879; baseline -0.004 -29"><span class='ocrx_word' id='word_1_97' title='bbox 356 2803 494 2851; x_wconf 90' lang='lat' dir='ltr'><strong>rerum</strong></span> <span class='ocrx_word' id='word_1_98' title='bbox 528 2776 711 2867; x_wconf 88' lang='lat' dir='ltr'><strong>scientia,</strong></span> <span class='ocrx_word' id='word_1_99' title='bbox 743 2772 888 2879; x_wconf 88' lang='lat' dir='ltr'><strong>judicii</strong></span> <span class='ocrx_word' id='word_1_100' title='bbox 914 2770 1090 2876; x_wconf 90' lang='lat' dir='ltr'><strong>denique</strong></span> <span class='ocrx_word' id='word_1_101' title='bbox 1125 2777 1336 2871; x_wconf 86' lang='lat' dir='ltr'><strong>acumine,</strong></span> <span class='ocrx_word' id='word_1_102' title='bbox 1377 2791 1428 2849; x_wconf 91' lang='lat' dir='ltr'><strong>ut</strong></span> 
     </span>
     <span class='ocr_line' id='line_1_18' title="bbox 356 2914 1424 3021; baseline -0.002 -31"><span class='ocrx_word' id='word_1_103' title='bbox 356 2916 506 3021; x_wconf 87' lang='lat' dir='ltr'><strong>primas</strong></span> <span class='ocrx_word' id='word_1_104' title='bbox 530 2917 572 2994; x_wconf 95' lang='lat' dir='ltr'><strong>in</strong></span> <span class='ocrx_word' id='word_1_105' title='bbox 603 2914 848 2993; x_wconf 88' lang='lat' dir='ltr'><strong>demerendo</strong></span> <span class='ocrx_word' id='word_1_106' title='bbox 874 2914 951 2992; x_wconf 90' lang='lat' dir='ltr'><strong>hoc</strong></span> <span class='ocrx_word' id='word_1_107' title='bbox 981 2932 1143 2991; x_wconf 90' lang='lat' dir='ltr'><strong>auctore</strong></span> <span class='ocrx_word' id='word_1_108' title='bbox 1178 2934 1308 3021; x_wconf 87' lang='lat' dir='ltr'><strong>partes</strong></span> <span class='ocrx_word' id='word_1_109' title='bbox 1340 2914 1424 2993; x_wconf 90' lang='lat' dir='ltr'><strong>sibi</strong></span> 
     </span>
     <span class='ocr_line' id='line_1_19' title="bbox 357 3056 1423 3169; baseline 0.004 -38"><span class='ocrx_word' id='word_1_110' title='bbox 357 3056 563 3137; x_wconf 87' lang='lat' dir='ltr'><strong>vindicare</strong></span> <span class='ocrx_word' id='word_1_111' title='bbox 578 3078 720 3169; x_wconf 89' lang='lat' dir='ltr'><strong>posset.</strong></span> <span class='ocrx_word' id='word_1_112' title='bbox 743 3059 886 3165; x_wconf 88' lang='lat' dir='ltr'><strong>Neque</strong></span> <span class='ocrx_word' id='word_1_113' title='bbox 905 3061 1079 3136; x_wconf 89' lang='lat' dir='ltr'><strong>nominis</strong></span> <span class='ocrx_word' id='word_1_114' title='bbox 1098 3059 1326 3135; x_wconf 88' lang='lat' dir='ltr'><strong>Ernestiani</strong></span> <span class='ocrx_word' id='word_1_115' title='bbox 1346 3088 1423 3138; x_wconf 91' lang='lat' dir='ltr'><strong>au·</strong></span> 
     </span>
     <span class='ocr_line' id='line_1_20' title="bbox 357 3200 1423 3279; baseline 0 -3"><span class='ocrx_word' id='word_1_116' title='bbox 357 3202 518 3277; x_wconf 84' lang='lat' dir='ltr'><strong>ctoritas</strong></span> <span class='ocrx_word' id='word_1_117' title='bbox 531 3200 693 3279; x_wconf 89' lang='lat' dir='ltr'><strong>videtur</strong></span> <span class='ocrx_word' id='word_1_118' title='bbox 706 3204 887 3278; x_wconf 89' lang='lat' dir='ltr'><strong>animum</strong></span> <span class='ocrx_word' id='word_1_119' title='bbox 905 3220 1087 3278; x_wconf 87' lang='lat' dir='ltr'><strong>nostrum</strong></span> <span class='ocrx_word' id='word_1_120' title='bbox 1103 3200 1240 3278; x_wconf 90' lang='lat' dir='ltr'><strong>dehac</strong></span> <span class='ocrx_word' id='word_1_121' title='bbox 1254 3220 1423 3278; x_wconf 90' lang='lat' dir='ltr'><strong>senten-</strong></span> 
     </span>
     <span class='ocr_line' id='line_1_21' title="bbox 357 3342 1421 3452; baseline -0.001 -33"><span class='ocrx_word' id='word_1_122' title='bbox 357 3345 413 3419; x_wconf 85' lang='lat' dir='ltr'><strong>tia</strong></span> <span class='ocrx_word' id='word_1_123' title='bbox 437 3372 551 3451; x_wconf 86' lang='lat' dir='ltr'><strong>posse</strong></span> <span class='ocrx_word' id='word_1_124' title='bbox 576 3342 789 3452; x_wconf 88' lang='lat' dir='ltr'><strong>depellere.</strong></span> <span class='ocrx_word' id='word_1_125' title='bbox 817 3345 1074 3449; x_wconf 88' lang='lat' dir='ltr'><strong>Quamquam</strong></span> <span class='ocrx_word' id='word_1_126' title='bbox 1103 3344 1212 3423; x_wconf 89' lang='lat' dir='ltr'><strong>enim</strong></span> <span class='ocrx_word' id='word_1_127' title='bbox 1241 3347 1421 3421; x_wconf 85' lang='lat' dir='ltr'><strong>maxime</strong></span> 
     </span>
     <span class='ocr_line' id='line_1_22' title="bbox 359 3482 1420 3592; baseline 0 -32"><span class='ocrx_word' id='word_1_128' title='bbox 359 3482 480 3564; x_wconf 88' lang='lat' dir='ltr'><strong>alieni</strong></span> <span class='ocrx_word' id='word_1_129' title='bbox 502 3514 641 3564; x_wconf 87' lang='lat' dir='ltr'><strong>sumus</strong></span> <span class='ocrx_word' id='word_1_130' title='bbox 670 3485 723 3564; x_wconf 88' lang='lat' dir='ltr'><strong>ab</strong></span> <span class='ocrx_word' id='word_1_131' title='bbox 752 3488 818 3583; x_wconf 89' lang='lat' dir='ltr'><strong>iis,</strong></span> <span class='ocrx_word' id='word_1_132' title='bbox 846 3488 918 3590; x_wconf 89' lang='lat' dir='ltr'><strong>qui</strong></span> <span class='ocrx_word' id='word_1_133' title='bbox 943 3488 984 3561; x_wconf 90' lang='lat' dir='ltr'><strong>in</strong></span> <span class='ocrx_word' id='word_1_134' title='bbox 1006 3483 1238 3561; x_wconf 88' lang='lat' dir='ltr'><strong>Ernestium</strong></span> <span class='ocrx_word' id='word_1_135' title='bbox 1260 3485 1420 3592; x_wconf 86' lang='lat' dir='ltr'><strong>ubique</strong></span> 
     </span>
     <span class='ocr_line' id='line_1_23' title="bbox 254 3619 1419 3736; baseline -0.002 -31"><span class='ocrx_word' id='word_1_136' title='bbox 254 3729 256 3734; x_wconf 23' lang='grc' dir='ltr'>Ι</span> <span class='ocrx_word' id='word_1_137' title='bbox 359 3619 624 3730; x_wconf 85' lang='lat' dir='ltr'><strong>invehuntur,</strong></span> <span class='ocrx_word' id='word_1_138' title='bbox 640 3630 860 3707; x_wconf 87' lang='lat' dir='ltr'><strong>fatebimur</strong></span> <span class='ocrx_word' id='word_1_139' title='bbox 869 3648 1017 3726; x_wconf 88' lang='lat' dir='ltr'><strong>tamen,</strong></span> <span class='ocrx_word' id='word_1_140' title='bbox 1034 3656 1118 3707; x_wconf 92' lang='lat' dir='ltr'><strong>non</strong></span> <span class='ocrx_word' id='word_1_141' title='bbox 1128 3657 1284 3736; x_wconf 86' lang='lat' dir='ltr'><strong>semper</strong></span> <span class='ocrx_word' id='word_1_142' title='bbox 1295 3629 1419 3706; x_wconf 92' lang='lat' dir='ltr'><strong>nobis</strong></span> 
     </span>
     <span class='ocr_line' id='line_1_24' title="bbox 357 3767 1417 3881; baseline 0.001 -35"><span class='ocrx_word' id='word_1_143' title='bbox 357 3767 554 3878; x_wconf 87' lang='lat' dir='ltr'><strong>placuisse</strong></span> <span class='ocrx_word' id='word_1_144' title='bbox 585 3772 829 3869; x_wconf 90' lang='lat' dir='ltr'><strong>editionum,</strong></span> <span class='ocrx_word' id='word_1_145' title='bbox 857 3801 956 3880; x_wconf 89' lang='lat' dir='ltr'><strong>quas</strong></span> <span class='ocrx_word' id='word_1_146' title='bbox 985 3775 1028 3848; x_wconf 92' lang='lat' dir='ltr'><strong>in</strong></span> <span class='ocrx_word' id='word_1_147' title='bbox 1047 3773 1273 3881; x_wconf 88' lang='lat' dir='ltr'><strong>juventutis</strong></span> <span class='ocrx_word' id='word_1_148' title='bbox 1296 3799 1417 3851; x_wconf 89' lang='lat' dir='ltr'><strong>usum</strong></span> 
     </span>
    </p>
   </div>
   <div class='ocr_carea' id='block_1_2' title="bbox 356 3911 1415 4022">
    <p class='ocr_par' dir='ltr' id='par_1_3' title="bbox 356 3911 1415 4022">
     <span class='ocr_line' id='line_1_25' title="bbox 356 3911 1415 4022; baseline 0.001 -33"><span class='ocrx_word' id='word_1_149' title='bbox 356 3917 604 4019; x_wconf 87' lang='lat' dir='ltr'><strong>procuravit,</strong></span> <span class='ocrx_word' id='word_1_150' title='bbox 628 3916 837 3992; x_wconf 89' lang='lat' dir='ltr'><strong>rationem.</strong></span> <span class='ocrx_word' id='word_1_151' title='bbox 855 3915 1035 4022; x_wconf 88' lang='lat' dir='ltr'><strong>Aspersae</strong></span> <span class='ocrx_word' id='word_1_152' title='bbox 1050 3913 1223 3992; x_wconf 86' lang='lat' dir='ltr'><strong>subinde</strong></span> <span class='ocrx_word' id='word_1_153' title='bbox 1243 3911 1415 4007; x_wconf 88' lang='lat' dir='ltr'><strong>notulae,</strong></span> 
     </span>
    </p>
   </div>
   <div class='ocr_carea' id='block_1_3' title="bbox 357 4055 1415 4304">
    <p class='ocr_par' dir='ltr' id='par_1_4' title="bbox 357 4055 1415 4304">
     <span class='ocr_line' id='line_1_26' title="bbox 357 4055 1415 4162; baseline 0.001 -34"><span class='ocrx_word' id='word_1_154' title='bbox 357 4055 540 4159; x_wconf 86' lang='lat' dir='ltr'><strong>quamvis</strong></span> <span class='ocrx_word' id='word_1_155' title='bbox 560 4057 745 4132; x_wconf 88' lang='lat' dir='ltr'><strong>eximiam</strong></span> <span class='ocrx_word' id='word_1_156' title='bbox 765 4055 939 4162; x_wconf 89' lang='lat' dir='ltr'><strong>prodant</strong></span> <span class='ocrx_word' id='word_1_157' title='bbox 956 4058 1032 4132; x_wconf 87' lang='lat' dir='ltr'><strong>viri</strong></span> <span class='ocrx_word' id='word_1_158' title='bbox 1057 4056 1346 4152; x_wconf 87' lang='lat' dir='ltr'><strong>eruditionem,</strong></span> <span class='ocrx_word' id='word_1_159' title='bbox 1369 4081 1415 4130; x_wconf 87' lang='lat' dir='ltr'><strong>ex</strong></span> 
     </span>
     <span class='ocr_line' id='line_1_27' title="bbox 357 4193 1414 4304; baseline -0.001 -33"><span class='ocrx_word' id='word_1_160' title='bbox 357 4223 470 4272; x_wconf 91' lang='lat' dir='ltr'><strong>mero</strong></span> <span class='ocrx_word' id='word_1_161' title='bbox 491 4215 625 4274; x_wconf 88' lang='lat' dir='ltr'><strong>tamen</strong></span> <span class='ocrx_word' id='word_1_162' title='bbox 653 4194 787 4273; x_wconf 93' lang='lat' dir='ltr'><strong>lubitu</strong></span> <span class='ocrx_word' id='word_1_163' title='bbox 811 4198 935 4302; x_wconf 87' lang='lat' dir='ltr'><strong>magis</strong></span> <span class='ocrx_word' id='word_1_164' title='bbox 962 4225 1084 4304; x_wconf 90' lang='lat' dir='ltr'><strong>quam</strong></span> <span class='ocrx_word' id='word_1_165' title='bbox 1112 4218 1220 4277; x_wconf 89' lang='lat' dir='ltr'><strong>certo</strong></span> <span class='ocrx_word' id='word_1_166' title='bbox 1248 4193 1414 4275; x_wconf 85' lang='lat' dir='ltr'><strong>consilio</strong></span> 
     </span>
    </p>
   </div>
   <div class='ocr_carea' id='block_1_4' title="bbox 0 0 1566 5134">
    <p class='ocr_par' dir='ltr' id='par_1_5' title="bbox 0 0 1566 5134">
     <span class='ocr_line' id='line_1_28' title="bbox 0 0 1566 5134; baseline 0 0"><span class='ocrx_word' id='word_1_167' title='bbox 0 0 1566 5134; x_wconf 95' lang='lat' dir='ltr'><strong> </strong></span> 
     </span>
    </p>
   </div>
  </div>
 </body>
</html>
