3096 5124
356 565 424 648 ²³4
731 563 767 625 C.
793 561 1026 644 struuntur

354 665 616 783 Soepuemtbus,
629 685 808 754 tribulibus
821 689 906 771 suis,
920 685 974 755 die
991 687 1217 768 comitiorum,
1231 711 1276 754 nc
1288 687 1367 782 quid
1379 715 1401 755 a

354 795 1400 896 quoquamcandidatodesiderarent,singulamillianummttm

354 935 374 978 a
386 909 442 978 se⁸
454 906 632 976 dividebat.
646 909 759 999 Magni
775 922 938 998 praeterca
951 908 1161 986 existimans,
1175 907 1342 972 sincerum
1355 924 1400 973 at-

356 1045 422 1116 que
440 1019 483 1086 ab
505 1021 596 1087 omni
617 1017 805 1086 colluvione
825 1020 992 1120 peregrini
1016 1041 1055 1084 ac
1076 1017 1203 1084 servilis
1229 1021 1398 1109 sanguinis

355 1134 589 1223 incorruptum
612 1153 745 1196 servare
764 1128 947 1222 populum,
971 1143 1007 1197 et
1026 1130 1194 1195 civitatem
1216 1133 1396 1195 Romanam

354 1241 548 1334 parcissime
566 1237 674 1320 dedit,
693 1255 727 1305 et
744 1236 1023 1306 manumittendis
1042 1235 1180 1306 modum
1198 1242 1394 1306 terminavit.

282 1363 288 1373 “
355 1348 506 1430 Tiberio,
524 1374 586 1442 pro
600 1347 721 1417 cliente
736 1353 853 1417 Graeco
867 1351 1010 1442 petenti,
1025 1350 1210 1440 rescripsit,
1229 1353 1326 1416 «Non
1344 1347 1398 1414 ali-

354 1477 408 1532 ter
422 1486 457 1529 se
469 1460 644 1544 daturum,
659 1486 761 1556 quam
775 1465 802 1528 si
813 1485 961 1554 praesens
974 1459 1036 1528 sihi
1048 1451 1285 1553 persuasisset,
1298 1485 1396 1554 quam

352 1569 460 1664 justas
485 1572 620 1665 petendi
639 1571 948 1639 causashaberet.»
971 1575 1013 1636 Et
1032 1572 1149 1652 Liviae,
1173 1594 1235 1662 pro
1254 1568 1396 1664 quodam

356 1682 531 1750 tributario
542 1681 639 1750 Gallo
653 1683 802 1772 roganti,
814 1684 981 1748 civitatem
995 1683 1144 1772 negavit,
1158 1682 1396 1748 immunitatem

357 1793 492 1877 obtulit,
512 1793 700 1874 affirmans,
725 1797 788 1862 «Se
805 1793 935 1860 facilius
954 1772 1152 1886 passurum,
1171 1789 1253 1858 fisco
1272 1790 1395 1858 detrahi

356 1902 499 1996 aliquid,
515 1927 617 1996 quam
632 1905 772 1970 civitatis
789 1908 948 1968 Romanae
963 1901 1092 1992 vulgari
1107 1900 1282 1966 honorem.
1297 1932 1309 1960 i
1328 1903 1396 1969 Scr-

357 2034 416 2079 vos
439 2036 508 2080 non
531 2027 710 2079 contentus
729 2011 843 2078 multis
862 2009 1114 2078 difficultatibus
1132 2036 1152 2076 a
1176 2010 1397 2092 libertate,·et

358 2123 465 2190 multo
475 2122 629 2216 pluribus
639 2149 660 2191 a
669 2123 822 2191 libertate
831 2140 858 2171 ¹⁰
866 2121 974 2216 justa,
987 2126 1184 2207 removisse;
1198 2145 1304 2218 quum
1318 2119 1396 2189 etde

394 2353 418 2404 li.
436 2352 461 2403 A
470 2371 508 2418 re,
520 2351 553 2404 de
567 2371 629 2417 suo;
642 2352 675 2404 al.
690 2353 758 2406 male
768 2371 828 2406 atre.
903 2353 1025 2407 exhibet:
1043 2355 1111 2424 iqui
1125 2371 1231 2417 servus,
1247 2371 1336 2422 quare
1352 2371 1397 2403 an·

392 2447 417 2500 9.
431 2433 467 2483 Et
478 2433 680 2485 manumittendi
691 2434 795 2484 modum
809 2444 859 2484 ter-
903 2433 964 2484 cillo
984 2451 1068 2504 poenae
1087 2451 1168 2484 causa
1186 2451 1201 2483 a
1217 2431 1329 2482 domino
1345 2433 1398 2483 uin-

357 2512 468 2566 minavit
475 2533 485 2572 ,·
504 2531 552 2583 per
571 2512 641 2583 leges
661 2513 761 2566 Fauiam
778 2513 857 2566 Cani·
902 2514 1091 2577 cturuinctaue,
1105 2511 1399 2564 autincustodiamda-

358 2591 430 2642 niam
438 2630 446 2658 ‚
455 2594 530 2661 cujus
540 2592 596 2644 latae
604 2605 708 2662 tempus
718 2593 859 2658 incertum,
902 2607 945 2656 tus
957 2593 1066 2658 datare,
1082 2593 1210 2663 quibusve
1220 2594 1329 2662 vestigia
1340 2593 1399 2644 scri-

358 2683 384 2722 et
400 2669 501 2723 AEliam
519 2672 653 2736 Sentium,
674 2671 752 2722 latam
772 2672 802 2721 A.
826 2674 856 2723 U.
903 2687 964 2745 pta,
982 2675 1098 2743 itemque
1118 2675 1163 2742 qui
1183 2690 1274 2743 quaeve
1293 2684 1398 2743 propter

359 2749 409 2818 757
417 2785 425 2812 ‚
433 2749 491 2800 Ser.
506 2748 573 2800 AElio
583 2751 684 2802 Catone
694 2762 720 2801 et
730 2749 759 2800 C.
769 2751 857 2801 Sentio
903 2770 998 2803 noxam
1010 2763 1088 2804 tortus
1099 2762 1194 2803 tortore
1204 2769 1304 2802 nocens
1315 2753 1399 2802 inteu-

358 2828 499 2880 Saturnino
513 2830 602 2893 Coss,
614 2827 647 2878 de
660 2827 755 2899 quibus
767 2829 859 2897 copio·
904 2844 945 2882 tus
961 2833 1110 2894 inventare,
1124 2833 1185 2880 item
1199 2831 1245 2899 qni
1258 2847 1361 2900 quaere,
1372 2843 1398 2880 ut

359 2905 458 2955 tissime
471 2906 522 2973 egit
534 2907 657 2956 Heinecc.
671 2908 732 2956 Ant·
745 2907 820 2955 Rom·
835 2905 858 2970 l,
903 2911 973 2962 ferro
989 2922 1033 2960 aut
1047 2927 1107 2959 cnm
1122 2907 1211 2960 bestiis
1223 2908 1398 2980 depugnauit,

359 2984 396 3033 tit.
413 2983 467 3032 liet
480 3000 509 3050 7,
525 3003 585 3053 pag.
603 3003 651 3037 tro
662 3005 717 3056 seq.
737 2987 776 3036 De
795 2998 859 3035 nota
903 2986 1041 3038 damnatus
1056 2986 1226 3049 damnatura,
1241 2987 1325 3037 aliove
1339 3004 1398 3056 sup-

358 3063 562 3113 manumittendi
571 3065 672 3114 ratione
681 3064 752 3135 apud
762 3065 860 3114 Roma·
904 3064 982 3137 plinio
993 3067 1104 3117 affectus
1116 3066 1244 3116 affectare
1255 3066 1306 3116 fuit
1315 3087 1322 3115 r
1332 3067 1399 3116 iser·

359 3159 409 3192 nos
419 3154 443 3192 et
454 3139 487 3192 de
497 3159 614 3209 summo,
624 3146 669 3214 qui
679 3163 727 3195 suo
739 3157 858 3214 tempore
901 3162 933 3195 ve
946 3161 1054 3215 quoquo
1068 3142 1149 3194 modo
1162 3145 1338 3195 manumissus
1350 3161 1399 3194 ma·

358 3220 522 3284 invaluerat,
546 3220 624 3291 hujus
650 3228 730 3276 moris
755 3222 859 3289 abusu,
903 3225 1175 3295 numisiave,justam
1191 3222 1335 3275 libertatem
1350 3241 1396 3275 uon

359 3297 448 3350 multis
467 3301 520 3366 agit
539 3301 647 3372 Dionys.
666 3302 727 3352 Ant.
747 3303 796 3367 lV,
816 3301 857 3367 ²4·
903 3304 1080 3376 consequitor,
1097 3304 1140 3354 sed
1154 3303 1334 3354 dediticiorum
1352 3321 1398 3352 uu·

400 3394 438 3428 to.
455 3379 479 3427 A
490 3377 606 3428 libertate
610 3381 690 3450 justa.
702 3382 756 3431 Hac
767 3397 860 3432 manu·
903 3401 973 3434 mero
988 3394 1047 3434 erto.
1059 3405 1069 3429 ι
1087 3383 1125 3434 De
1137 3381 1324 3434 dediticiorum
1338 3399 1398 3432 cou-

360 3455 432 3507 missi
450 3455 515 3506 cives
533 3457 645 3508 Romani
663 3455 770 3509 fiebant.
786 3457 859 3510 Cavit
904 3461 1003 3512 ditione
1016 3461 1138 3512 lleinocc.
1152 3480 1212 3531 pag.
1229 3477 1276 3530 ¹⁰7
1290 3478 1346 3532 seq.
1357 3461 1400 3512 Po·

360 3533 440 3603 igitur
459 3534 489 3585 de
510 3534 662 3606 differentia
683 3554 791 3602 eorum,
814 3539 861 3607 qui
904 3552 959 3593 etea
974 3542 1077 3591 tertium
1089 3539 1398 3611 genusacceseitlilrerti-

360 3615 606 3666 manumitterentur
630 3614 688 3684 lege
709 3615 774 3666 AElia
795 3617 861 3669 Sen-
903 3639 1014 3685 norum,
1037 3621 1083 3691 qui
1101 3621 1189 3672 Iatioi
1207 3621 1321 3673 Iuniani
1341 3619 1400 3674 dicti

360 3693 412 3758 tia,
428 3696 464 3744 ita
478 3707 523 3760 ut,
536 3695 581 3764 qui
595 3709 704 3765 propter
714 3694 811 3764 llassitia
821 3696 860 3747 fa·
898 3718 921 3758 ,a
937 3697 995 3770 lege
1010 3699 1089 3752 Junia
1107 3697 1249 3766 Norbana,
1269 3699 1324 3752 lata
1342 3717 1398 3751 ann.

361 3772 483 3824 ciuoreve
501 3773 676 3844 ignominiosa
699 3791 778 3845 poena
797 3775 861 3828 tuis·
906 3786 972 3850 771,
990 3797 1048 3850 que
1064 3779 1229 3830 manumittit
1247 3797 1295 3849 per
1310 3777 1398 3830 modos

361 3865 418 3902 tent
437 3856 536 3920 notati,
557 3867 665 3925 accepta
686 3854 807 3906 libertate
826 3855 861 3907 ad
904 3859 992 3910 minus
1006 3857 1136 3909 solemnes
1151 3875 1205 3908 uon
1220 3857 1345 3924 civitatis,
1359 3855 1400 3908 sed

361 3927 538 3984 dediticiorum
559 3948 661 3986 tantum
682 3934 860 3986 conditionem
903 3937 1058 3988 Latinorum
1070 3949 1171 3988 tantum
1183 3939 1245 4006 jura
1256 3938 1399 4000 concessit,

361 4007 558 4079 redigerentur,
568 4011 595 4064 li.
606 4031 629 4064 e.
640 4011 733 4066 eodem
745 4013 805 4064 loco
817 4033 860 4066 es·
904 4014 938 4067 de
951 4014 1047 4085 quibus
1061 4014 1119 4066 ride
1138 4016 1260 4067 Heinecc.
1276 4033 1337 4086 pag.
1356 4015 1400 4067 toti

362 4101 436 4152 sent,
455 4106 509 4158 quo
526 4089 665 4160 homines,
682 4094 727 4163 qui
746 4091 815 4143 bello
832 4093 860 4143 in
905 4111 961 4164 req.
977 4095 1015 4146 De
1022 4097 1095 4167 justa
1110 4091 1227 4146 libertate
1239 4096 1312 4147 conf.
1326 4097 1399 4147 etiam

362 4163 525 4218 deditionem
540 4171 681 4222 venissent.
702 4173 789 4241 Caput
809 4169 860 4222 hoc
905 4175 974 4243 [ipe.
992 4172 1025 4224 ad
1040 4173 1123 4225 Tacit.
1143 4174 1238 4224 Annal.
1258 4173 1397 4244 x111,27,

363 4242 428 4302 leu's
441 4247 563 4298 Heinecc.
578 4247 605 4300 h.
619 4249 636 4300 l.
654 4246 685 4301 ex'
699 4251 813 4322 Ulpiano
825 4253 860 4302 ita
906 4263 968 4302 tom.
983 4252 1021 4318 tl,
1033 4269 1094 4322 pag.
1111 4252 1162 4318 244
1175 4251 1243 4303 Edit.
1259 4264 1363 4304 nostre.
