3040 5118
369 621 529 686 onmia.
556 619 815 686 noousrus.
1048 621 1114 709 309

89 761 135 812 est
146 745 246 812 filium
258 745 390 813 mortali
402 749 511 838 specie
524 745 739 838 ampliorem,
753 767 830 811 cum
844 743 984 812 fulmine
1000 763 1117 816 arsce-

88 871 170 946 ptro‚
188 857 411 949 exuviisque¹'
434 858 525 950 Jnvis
541 857 665 948 Optimi
683 856 838 934 Maximi,
857 878 896 922 ac
914 855 1041 922 radiata
1060 881 1116 924 co-

88 989 179 1045 rona,
201 990 302 1058 super
322 965 544 1034 laureatum¹²
565 990 721 1046 currum,
740 964 791 1032 bis
815 969 903 1032 senis
924 971 1018 1060 equis
1041 991 1118 1034 can·

89 1074 162 1142 dore
173 1079 292 1144 eximio
302 1076 522 1144 trahentibus.
540 1077 653 1143 Instans
665 1075 794 1158 adhuc,
810 1091 849 1142 ut
858 1079 1018 1169 scriptum
1028 1077 1118 1169 apud

89 1190 121 1252 C.
136 1193 279 1254 Drusum
289 1185 312 1226 ¹³
328 1204 453 1270 exstat,
468 1189 633 1279 repositus
647 1209 786 1279 vespere
803 1190 838 1252 in
856 1211 960 1254 cunas
978 1212 999 1254 a
1017 1191 1120 1255 nutri-

89 1295 174 1378 cula,
192 1297 267 1364 loeo
287 1297 405 1389 plano,
427 1313 561 1389 postera
581 1296 656 1364 luce
675 1321 743 1364 non
759 1301 970 1390 comparuit,
994 1296 1121 1393 diuque

91 1409 260 1499 quaesitus,
280 1407 416 1475 tandem
429 1411 465 1474 in
479 1406 638 1474 altissima
652 1410 737 1473 turri
751 1423 903 1499 repertus
920 1424 987 1490 est,
1005 1405 1121 1499 jacens

89 1533 196 1584 contra
218 1517 299 1585 solis
319 1537 482 1586 exortum.
510 1523 622 1604 Quum
642 1521 789 1609 primum
811 1517 873 1583 fari
894 1518 1064 1610 coepisset,
1088 1523 1122 1586 iu

90 1629 172 1694 avito
188 1627 384 1696 suburbano
396 1630 626 1721 obstrepentes
637 1628 663 1685 ¹4
678 1629 762 1696 forte
778 1651 875 1694 ranas
893 1628 989 1694 silere
1002 1626 1123 1720 jussit;

89 1754 184 1831 atque
198 1763 292 1807 exeo
306 1733 471 1832 negantur
484 1741 530 1808 ibi
544 1765 634 1808 ranae
647 1756 796 1808 coartare.
813 1739 863 1806 Ad
871 1756 1032 1833 ‘quartum
1044 1739 1126 1831 lapi·

90 1847 192 1915 dem¹⁵
207 1855 386 1944 Campanae
401 1856 481 1936 viae,
496 1857 530 1921 iu
547 1877 685 1920 nemore
697 1851 874 1944 prandenti
889 1875 930 1918 ex
944 1854 1126 1945 improviso

91 1960 196 2054 aquila
211 1987 333 2055 panem
345 1968 374 2032 ei
386 1989 405 2030 e
416 1989 519 2032 mauu
531 1967 644 2057 rapuit
659 1992 665 2031 :
684 1983 734 2046 et,
752 1988 857 2058 quum
874 1963 1033 2030 altissime
1050 1985 1128 2031 evo-

91 2069 204 2155 lasset,
221 2098 338 2144 rursus
350 2101 390 2144 ex
402 2081 583 2169 improviso
599 2077 720 2145 leniter
736 2076 890 2169 delapsa,
911 2073 1063 2142 reddidit.
1084 2080 1125 2163 Q.

91 2183 223 2252 Catulus
233 2183 257 2222 ¹⁶
278 2204 354 2278 post
373 2187 562 2255 dedicatum
584 2187 784 2280 Capitolium
806 2185 937 2254 duabus
964 2189 1128 2254 continuis

92 2294 243 2362 noctibus
258 2300 435 2365 somniavit
450 2325 456 2364 ε
473 2301 598 2391 prima,
617 2304 734 2378 ,lovem
753 2301 927 2388 Optimum
944 2300 1130 2363 Maximum

126 2514 155 2550 ιι
178 2500 336 2573 Exuviisque
345 2504 416 2555 Jovis
426 2504 590 2574 OptimiMa-
633 2504 706 2555 Curt.
727 2503 776 2566 ΙΙΙ,
798 2503 831 2565 3,
853 2517 900 2566 ιι,
921 2499 984 2566 ubi,
1006 2517 1134 2552 «cunum

93 2574 155 2626 :timi
188 2591 256 2648 togae
271 2583 346 2650 pictae
365 2583 512 2652 tunicaeque
530 2580 589 2651 pal·
634 2581 728 2632 deinde
742 2582 800 2632 lovi
817 2592 948 2632 sacratum
963 2579 1077 2632 albentes
1088 2599 1133 2632 ve-

94 2664 165 2704 urata
188 2655 263 2706 cultu
277 2693 285 2720 ,
307 2659 352 2728 qui
370 2658 589 2730 triumphantium
633 2663 732 2714 hebant
746 2663 806 2733 equi
816 2685 844 2727 ,n
862 2659 1133 2726 etad‚r10r.t,5,6;

72 2733 199 2792 ,restitus
212 2738 386 2798 erat,a.love
398 2749 507 2790 sumtus.
634 2740 810 2810 Oudendorp.
825 2738 900 2790 adh.
916 2737 932 2788 l.
1040 2789 1044 2802 ,

130 2826 169 2862 ιι.
179 2813 265 2886 Super
273 2814 415 2867 laureatum
425 2833 535 2868 cunum.
543 2818 591 2866 Va·
675 2822 714 2872 13.
728 2818 809 2890 Apud
822 2820 849 2870 C.
861 2819 983 2870 Drusum.
996 2818 1060 2880 lure
1071 2817 1136 2868 Mal·

94 2889 135 2939 riae
147 2889 181 2942 ad
195 2891 269 2946 hunc
285 2894 373 2948 locum
387 2895 461 2947 fuere
474 2897 591 2946 virorum
636 2899 683 2950 ler.
705 2901 731 2949 in
755 2895 848 2949 Sclred.
869 2895 1010 2965 legendum
1030 2909 1136 2964 censet,

95 2967 235 3024 doctorum
254 2977 430 3045 conjecturae,
451 2993 516 3045 quas
534 2974 592 3026 vide
639 2982 760 3032 Goesarem
770 2978 888 3029 Duarum.
900 2975 973 3027 Idem
984 2975 1070 3028 lucum
1077 2975 1136 3048 pla·

95 3049 593 3126 apndliurmann.etOudend.Optima
638 3076 701 3107 num
721 3058 803 3106 imum
827 3073 884 3106 esse
907 3054 987 3105 docet
1011 3054 1138 3107 conclave

97 3129 246 3183 emendatio
263 3146 345 3196 esset,
366 3153 422 3203 quae
441 3133 523 3184 altero
542 3134 594 3184 Co·
636 3135 708 3206 (une
731 3136 804 3207 pidre
827 3136 861 3186 du
885 3134 1138 3204 rea-de-ctaaste),

28 3259 40 3270 ¹
96 3204 152 3258 dice
168 3211 276 3276 nititur,
288 3213 524 3282 superdeauratum
537 3230 595 3262 cur·
640 3215 792 3285 oppositum
812 3214 894 3276 turri,
915 3231 972 3282 quae
996 3213 1023 3263 iu
1047 3212 1139 3264 eadem

97 3304 166 3355 rum,
181 3290 294 3361 probata
309 3293 342 3344 ab
354 3295 490 3358 Ernestio,
504 3292 596 3344 Ruhn-
640 3293 720 3345 domo
735 3305 798 3344 erat.

96 3364 598 3440 lenio,Wolfio‚nisibenesehaberet
681 3371 719 3436 14.
738 3371 910 3444 obstrepentes
915 3370 988 3440 forte
996 3386 1079 3432 ranas,
1089 3383 1139 3422 etc.

97 3445 211 3518 vulgata.
237 3453 264 3501 ln
289 3449 427 3520 triumphis
450 3452 519 3502 enim
543 3468 597 3501 non
642 3447 768 3502 Obbane
786 3467 841 3498 rem
860 3449 1027 3498 lllaeceuatem
1045 3459 1154 3518 putant*

99 3542 190 3578 currus
200 3527 296 3593 modo,
305 3529 351 3581 sed
361 3528 430 3581 fores
441 3533 518 3581 etiam
530 3546 600 3580 aras·
643 3545 733 3578 ranam
745 3524 828 3596 sigillo
839 3525 999 3596 insculptam
1008 3523 1143 3592 habuisse,

99 3619 149 3670 quc
168 3603 252 3655 lauris
267 3605 401 3658 redimitas
421 3607 516 3671 fuisse,
535 3619 599 3656 nota
644 3606 716 3676 quod
732 3619 820 3658 narrat
835 3605 897 3656 Plin.
913 3607 944 3655 H.
961 3605 997 3654 N:
1008 3604 1142 3669 xxxvtl,

100 3697 139 3732 res
151 3695 199 3734 est.
216 3684 339 3736 Ceterum
354 3705 407 3736 non
423 3704 488 3756 opus
503 3699 558 3752 est,
571 3698 600 3735 ut
648 3703 669 3736 1.
683 3685 759 3735 (loni.
773 3683 899 3734 Meibom.
909 3683 1017 3732 Macen.
1029 3698 1087 3751 cap.
1103 3681 1143 3746 13,

99 3781 186 3834 asper,
204 3764 278 3835 quod
289 3764 390 3835 pendet
401 3784 416 3817 a
428 3767 524 3831 uidere,
542 3783 603 3816 cum
647 3763 679 3815 de
691 3783 721 3814 ea
734 3763 860 3833 opinione
874 3760 1054 3810 disserentem.

101 3841 203 3894 Bremio
227 3843 388 3913 accipiamus
411 3863 460 3914 pro
481 3845 602 3915 insuper,
686 3841 726 3892 15.
746 3841 789 3892 Ad
806 3850 924 3912 quartum
941 3837 1074 3908 lapidem,
1095 3833 1145 3890 etc.

99 3934 240 3994 praeterea,
254 3940 414 3992 quamquam
425 3925 517 3992 sapias
528 3941 542 3972 a
552 3922 605 3972 No·
648 3923 726 3974 Conf.
732 3922 783 3972 Dio
790 3919 867 3984 XLV,
876 3935 899 3969 a.
908 3920 1069 3988 Campanam
1078 3919 1146 3970 viam

101 4015 157 4054 stro
167 4004 206 4052 ita
217 4014 382 4072 usurpatum.
393 4000 507 4052 Ahlntivi
518 4014 605 4052 autern
648 4000 764 4052 Fabrett.
781 3999 901 4067 inscript.
914 4014 941 4066 p.
954 3996 1021 4062 481,
1035 3995 1149 4058 mediam

32 4107 36 4115 ·
103 4079 485 4135 bissenis..,tratemitasbene
495 4079 606 4149 subjun-
651 4080 716 4131 dicit·
730 4081 798 4130 iuter
814 4077 963 4131 Ostiensem
979 4087 1005 4126 et
1021 4075 1151 4146 Appiam,

103 4175 203 4232 gunmr
213 4159 402 4230 descriptioni,
415 4173 444 4212 ut
456 4161 606 4212 Graecorum
652 4177 712 4210 cum
728 4177 780 4229 qua
794 4155 828 4208 ab
841 4155 897 4208 aliis
908 4154 1088 4206 confunditur.

104 4241 225 4308 genitivi.
248 4239 328 4306 Quod
349 4237 383 4290 ad
405 4257 482 4310 equor
499 4238 609 4290 candore
631 4287 633 4290 ,
692 4239 730 4290 ι6.
754 4238 784 4306 Q.
801 4233 920 4300 Catulus,
934 4248 983 4286 etc.
998 4233 1074 4285 Conf.
1088 4235 1160 4285 Dio·¹

105 4320 216 4372 eximior
236 4321 343 4385 attinet,
363 4319 433 4372 conf.
450 4319 557 4388 interpr.
576 4317 609 4369 ad
655 4317 695 4370 nis
708 4315 758 4365 loc.
775 4315 818 4364 cit.
