3122 5134
389 555 424 600 rr
783 531 1050 598 PRAEHTIO

386 691 590 800 amplioris
618 693 956 796 interpretationis
986 713 1027 769 et
1049 695 1299 772 occasionem
1321 693 1442 770 dede-

385 849 502 928 runt,
518 852 559 908 et
576 831 803 909 effecerunt
820 831 905 909 fere
922 836 1208 912 necessitatem.
1232 835 1440 942 Ejusmodi

385 975 565 1082 profecto
582 995 677 1052 sunt
697 977 871 1052 vitarum
892 977 1124 1082 scriptores,
1152 979 1278 1084 inque
1299 979 1439 1084 primis

385 1121 618 1215 Suetonius,
643 1121 715 1224 qui
737 1147 800 1195 res
821 1117 986 1225 publice
1004 1143 1132 1225 gestas
1150 1123 1374 1218 Caesarum,
1393 1141 1438 1198 ut

382 1261 585 1370 plerisque
601 1262 695 1337 satis
709 1279 842 1357 notas,
862 1259 1096 1337 brevissima
1111 1265 1341 1338 narratione
1355 1288 1437 1338 me·

382 1430 554 1482 morasse
576 1421 810 1498 contentus,
828 1420 1010 1478 versatur
1030 1405 1202 1479 maxime
1222 1407 1266 1479 in
1286 1402 1437 1480 descri-

379 1547 524 1626 bendis
538 1547 719 1625 moribus
733 1542 895 1623 illorum
908 1565 1135 1653 temporrun
1149 1570 1189 1626 et
1205 1549 1440 1646 hominum,

379 1694 423 1768 in
437 1691 683 1798 exponendis
699 1689 821 1766 rebus
836 1689 1063 1768 domesticis
1084 1719 1130 1767 ac
1151 1690 1435 1790 familiaribus,

379 1839 421 1910 in
439 1832 578 1910 multis
593 1833 789 1937 denique,
807 1834 1004 1909 minutius
1018 1834 1326 1940 prosequendis,
1343 1865 1437 1940 quae

377 2006 473 2055 vera
487 1977 652 2054 historia
670 1993 717 2051 ut
734 1971 839 2051 levia
853 2002 1007 2080 suaque
1029 1974 1225 2080 dignitate
1243 1977 1435 2056 inferiora

378 2119 682 2226 praetermittere
701 2112 811 2192 solet.
832 2114 894 2190 Ibi
918 2116 1043 2220 igitur
1061 2113 1190 2192 multa
1209 2115 1437 2224 supplenda

378 2293 425 2341 ex
435 2258 521 2341 aliis
534 2259 815 2366 scriptoribus,
830 2254 958 2333 multa
974 2287 1066 2364 quae
1078 2257 1129 2336 ad
1143 2256 1267 2364 leges,
1284 2289 1435 2356 mores,

377 2406 579 2498 instituta,
600 2419 729 2477 totum
747 2400 841 2474 vitae
855 2425 981 2503 genus
998 2395 1106 2476 illius
1120 2402 1195 2478 aevi
1206 2403 1435 2506 pertinent,

376 2547 544 2624 uberius
559 2538 807 2648 explananda
824 2569 832 2616 :
849 2543 1068 2646 praesertim
1082 2569 1231 2645 quum,
1247 2571 1433 2649 oppressa

377 2687 580 2782 libertate,
606 2710 751 2760 novam
767 2681 938 2758 formam
956 2680 1182 2788 respublica
1204 2710 1286 2760 non
1308 2688 1436 2791 magis

378 2857 501 2935 quam
514 2828 596 2904 vita
611 2843 651 2901 et
665 2821 805 2928 lingua
815 2822 1093 2900 Romanorum
1107 2823 1315 2901 induisset.
1325 2828 1434 2903 Prae·

376 2975 520 3077 cipuus
534 2986 669 3046 autem
691 2969 734 3042 in
751 2992 797 3041 ea
818 2993 861 3041 re
873 2994 969 3043 usus
984 2987 1043 3044 est
1057 2966 1312 3064 Graecorum,
1330 2993 1438 3075 quoe

376 3132 531 3196 constat
546 3139 628 3190 suae
641 3111 752 3214 genti
764 3109 989 3186 accuratius
1003 3137 1220 3216 exponere,
1235 3137 1328 3216 quae
1342 3112 1438 3190 Ro-

376 3256 485 3334 mani
504 3249 632 3330 levius
647 3268 838 3356 tangunt,
858 3250 1005 3328 addere
1020 3253 1139 3329 etiam
1161 3251 1286 3329 multa
1304 3257 1437 3332 serius

373 3394 558 3494 collecta,
574 3423 666 3500 quae
680 3396 791 3502 prior
806 3413 900 3471 aetas
916 3393 979 3472 vel
997 3398 1266 3501 ignoraverat,
1282 3395 1346 3474 vel
1361 3427 1435 3474 au·

373 3541 460 3617 dire
475 3565 557 3615 non
575 3533 834 3634 sustinuerat,
853 3570 873 3612 a
884 3563 988 3643 saepe
1007 3537 1185 3643 denique
1199 3565 1246 3614 ea
1262 3540 1436 3617 veritate

376 3717 393 3758 a
405 3685 466 3761 uti
481 3701 522 3760 et
532 3677 733 3778 libertate,
747 3709 870 3786 quam
887 3699 999 3758 sueta
1013 3684 1183 3760 servitus
1197 3701 1430 3787 metusque,

374 3827 468 3910 uvel
496 3824 676 3906 studium
700 3828 876 3933 partium
896 3844 937 3902 et
961 3829 1133 3932 propriae
1156 3827 1286 3930 gentis
1311 3825 1429 3903 adhi-

268 4011 270 4016 ·
373 3972 499 4050 abere
519 3988 732 4050 vetuerant
745 3970 959 4049 Romanos.
971 4003 989 4043 a
1005 3972 1162 4047 Horum
1175 3971 1312 4074 itaque
1329 3971 1428 4046 scri·

367 4131 435 4222 pta
453 4112 787 4217 Baumgartenius
804 4111 867 4189 vir
881 4107 930 4188 cl.
947 4109 1121 4190 studiose
1143 4104 1339 4205 contulit,
1362 4137 1426 4190 ro-

366 4259 530 4366 petitam
552 4257 771 4332 instituens
788 4253 964 4331 fontium
990 4253 1225 4330 Graecorum
1250 4252 1424 4328 maxime
