2982 5116
357 557 516 624 oorsv.
541 556 803 624 lueusrus.
1032 559 1099 646 249

71 682 186 752 urbicis
192 683 395 752 Deciuiones
405 682 545 752 colonici
553 684 587 750 in
598 705 659 750 sua
668 684 811 776 quisque
818 677 950 748 colonia
958 680 1100 765 ferrent,

71 808 102 860 et
112 793 171 860 sub
183 791 271 866 diem
282 795 494 862 comitiorum
506 791 679 884 obsignata
695 797 836 859 Romam
854 793 1033 858 mitterent.
1054 797 1101 860 Ac

69 902 183 971 necubi
195 918 255 972 aut
270 902 490 973 honestorum
508 902 664 971 deficeret
677 905 788 995 copia,
802 918 861 969 aut
878 901 1101 971 multitudinis

70 1013 210 1097 soboles,
222 1032 411 1108 equestrem
425 1015 577 1083 militiam
591 1030 743 1107 petentes
758 1017 857 1082 etiam
872 1037 913 1082 ex
932 1037 1101 1082 commen-

68 1123 194 1194 datione
212 1125 348 1218 publica
366 1123 530 1221 cujusque
544 1127 659 1220 oppidi
674 1125 864 1209 ordinabat;
886 1141 920 1192 at
940 1127 996 1208 iis,
1010 1129 1101 1219 quie

67 1235 332 1329 pleberegioues
351 1236 412 1306 sibi
434 1240 590 1306 reviseuti
608 1237 694 1304 filios
713 1236 839 1304 filiasve
860 1235 1101 1328 approbarent,

68 1345 192 1438 singula
206 1371 423 1416 nummorum
436 1347 541 1416 millia
553 1372 615 1440 pro
631 1347 768 1440 singulis
781 1345 958 1414 dividebat.
969 1345 981 1384 ⁵

109 1459 238 1524 XLVII.
264 1459 469 1524 Provincias¹
488 1456 681 1540 validiores,
699 1472 733 1523 et
751 1479 835 1551 quas
853 1459 973 1522 annuis
996 1458 1102 1546 magi-

70 1580 228 1632 stratuum
237 1569 384 1660 imperiis
391 1571 461 1660 regi
470 1620 477 1649 ,
486 1593 548 1636 nec
558 1567 654 1635 facile
663 1592 725 1636 uec
735 1583 846 1634 tutum
854 1582 940 1648 erat,
951 1569 1022 1658 ipse
1030 1589 1103 1632 sus-

68 1681 149 1770 sepit
162 1705 169 1745 :
184 1685 329 1746 ceteras²
344 1677 603 1756 Proconsulibus
620 1685 735 1748 sortito
750 1681 918 1773 permisit,
936 1692 969 1743 et
989 1692 1102 1744 tamen

68 1787 242 1882 pounullns
268 1787 505 1856 eommutavit³
520 1789 706 1879 interdum,
721 1804 822 1883 atque
836 1811 877 1856 ex
890 1802 1103 1881 utroquege-

68 1921 142 1970 nere
154 1897 355 1994 pler-aequet
367 1903 488 1992 saepius
500 1898 592 1966 adiit.
609 1899 770 1966 Urbium⁵
792 1895 955 1994 quasdam
967 1896 1104 1964 federa·

67 2108 233 2180 intelligendo
252 2129 302 2180 pro
313 2109 424 2182 ferenda
442 2120 563 2162 euramnt
606 2110 684 2160 etiam
697 2106 801 2159 Mulier.
814 2105 925 2158 Observ.
941 2123 1001 2176 pag.
1019 2103 1104 2169 14.-

69 2203 110 2238 teu
113 2187 179 2258 fem
179 2190 317 2262 juberent,
327 2203 356 2240 ut
365 2188 560 2242 Decurionibus
604 2190 728 2262 Regiones
741 2187 797 2239 noli
808 2185 951 2256 intelligere
963 2183 1040 2236 Urbis
1052 2185 1104 2234 lio·

68 2269 165 2320 comitia
188 2271 216 2320 in
243 2268 355 2321 coloniis
378 2265 560 2334 habentibus,
605 2265 1104 2336 nite,seXmltaiite.-Approbarent,·

68 2345 213 2398 auctoribus
227 2346 297 2399 adso
316 2347 506 2416 suffragiorum
523 2345 560 2397 ibi
604 2344 671 2396 filios
685 2343 783 2396 filiasve
801 2343 850 2394 sibi
865 2359 921 2394 esse
938 2353 1103 2392 testarentur.

67 2424 229 2479 ferendorum
242 2441 323 2498 atque
333 2427 499 2498 presidibus,
509 2427 561 2478 suf·
605 2451 640 2461 -
651 2424 702 2474 Pro
714 2421 822 2494 singuiis
830 2420 927 2473 liberis.

67 2503 142 2574 fragis
156 2505 213 2576 ipsa
227 2505 393 2576 tribuantur.¹
404 2507 510 2558 Ferreut
521 2506 563 2556 in·
639 2503 740 2552 XLVll.
761 2518 783 2551 r.
798 2501 975 2552 Provincias...
988 2499 1039 2570 ipse
1049 2515 1105 2550 sttr-

68 2587 199 2653 terpretari
216 2587 297 2636 etiam
315 2585 408 2656 aliquis
423 2587 507 2656 possit
520 2603 561 2636 re·
605 2581 680 2651 cepit.
695 2581 773 2631 Conf.
788 2579 937 2645 Dt0,L111,
957 2593 1001 2642 ra,
1015 2575 1105 2646 ibique

62 2660 169 2731 ferrent,
190 2667 207 2716 i.
231 2685 256 2717 e.
277 2664 349 2716 libris
370 2666 513 2730 inferrent,
532 2676 562 2715 ut
605 2657 708 2710 Febris.
718 2654 981 2726 inventumidspecie
990 2652 1104 2722 quidem,

67 2739 143 2792 relata
168 2745 203 2794 ita
233 2742 426 2816 obsignatoque
452 2745 561 2796 Romam
607 2751 636 2788 ut
657 2739 794 2806 imperium
815 2733 988 2796 defenderet,
1010 2729 1056 2782 sed
1076 2749 1106 2781 re

67 2820 225 2872 mitterentur
240 2823 376 2893 suffragia.
393 2824 432 2874 lta
446 2822 505 2876 tate
518 2841 561 2873 re-
606 2817 676 2888 ipsa,
686 2816 851 2866 utereroitus
862 2831 953 2864 omnes
964 2813 991 2862 in
1001 2828 1048 2861 sua
1057 2828 1106 2880 po-

67 2900 141 2952 tiones
159 2901 307 2953 seeundum
326 2902 469 2954 nonnullos
490 2902 562 2973 apud
607 2907 701 2946 testate
714 2894 832 2944 haberet.

67 2979 115 3032 (le.
129 2979 161 3032 sd
175 2983 235 3034 Die,
251 2981 289 3048 v,
307 3000 356 3048 20,
376 2985 400 3038 fl,
420 2986 482 3036 9052
494 2987 562 3036 vim,
644 2990 667 3023 a.
689 2975 787 3024 Ceteras
803 2968 1001 3023 Proconsuiibus
1017 2968 1106 3020 sortito

67 3056 225 3114 doctissimos
240 3060 276 3113 tle
291 3079 369 3113 sensu
381 3062 434 3114 loci
447 3065 562 3114 incertos
604 3053 730 3123 permisti·
747 3051 828 3102 ⁰5⁰¹ae
846 3049 884 3100 ¹¹2
903 3049 1044 3118 Pr⁰vl¹¹⁰l²
1058 3045 1106 3098 Se·

66 3137 176 3207 profiteri
188 3158 255 3206 uos,
269 3159 322 3192 uon
334 3141 431 3212 pudori
445 3155 492 3194 est,
607 3132 714 3180 natoriae
728 3129 766 3180 vel
778 3128 936 3200 populares,
950 3145 1006 3198 que
1018 3139 1107 3177 autem

99 3219 122 3270 5.
139 3219 177 3270 Aa
195 3219 563 3274 necub2'„„d.·„2·d21,02,pf0.
607 3206 641 3260 ab
654 3209 815 3278 imperatore
834 3221 977 3277 suscepte,
992 3207 1108 3275 impera-

67 3297 564 3371 tasi‚nembih0n3510mmd0fi0mtco.
607 3289 678 3338 toriae
689 3287 728 3339 vel
736 3289 872 3350 Caesarete3
883 3289 910 3336 in
921 3303 984 3356 quas
995 3285 1041 3355 qui
1051 3285 1109 3334 mit·

65 3372 564 3448 pfa,respondetspodosis,equestrem
607 3367 740 3435 tebantttr,
753 3368 832 3441 legati
844 3369 959 3430 Ceratis,
973 3365 1051 3440 legati
1058 3383 1106 3435 pro

66 3449 184 3504 militiam
196 3456 289 3520 idest,
302 3455 451 3507 tribunatus
463 3470 488 3507 et
501 3474 564 3526 pm.
607 3450 734 3510 Proetore,
745 3449 929 3519 Proproetorer,
940 3449 1002 3497 item
1014 3447 1108 3495 Consu·

66 3530 176 3585 facturas
182 3546 300 3607 petentes
309 3537 386 3587 etlam
396 3553 428 3586 ex
436 3553 565 3586 eommeu-
609 3529 674 3582 lares
691 3530 833 3601 provincie
851 3527 983 3598 appellati.
1008 3528 1060 3576 llas
1082 3537 1108 3576 et

67 3612 176 3666 datiam.
188 3655 195 3667 .
205 3655 211 3668 .
223 3652 230 3667 .
245 3616 397 3682 ordinabat,
412 3615 573 3668 muneribus.
608 3606 665 3659 ilias
679 3621 797 3661 recenset
806 3610 870 3672 Dio,
881 3607 899 3658 l.
912 3625 935 3656 e.
947 3604 1023 3656 Plura
1035 3603 1106 3654 conf.

67 3692 150 3760 petitis
177 3694 301 3745 ornabat.
327 3695 366 3746 lta
389 3693 481 3748 Claud.
511 3695 564 3760 25,
608 3686 681 3758 epud
693 3689 842 3756 Baunrgart.

70 3785 218 3840 sequestres
238 3771 344 3826 militias
362 3774 400 3824 ita
419 3773 563 3838 ordinavit,
644 3767 669 3817 3.
689 3764 837 3818 Nonnullae
851 3763 1021 3816 commutavit
1033 3760 1108 3811 inter·

67 3860 95 3898 ut
104 3863 163 3920 post
175 3850 315 3902 cohortem
327 3851 411 3918 aiam,
422 3865 484 3922 post
495 3851 564 3903 alam
608 3843 670 3895 dum
677 3865 687 3904 ,·
702 3857 730 3894 ut
744 3843 859 3915 Cyprum
875 3855 900 3892 et
914 3839 1024 3892 Galliam
1039 3837 1108 3888 Nar-

67 3925 224 3980 tribuuatum
236 3927 350 3999 legionis
363 3929 468 3982 dareta
482 3929 565 3992 Alteri
608 3923 769 3988 bonensem,
785 3942 850 3995 quas
863 3920 965 3994 populo
982 3917 1106 3983 tratlidit,

67 4005 193 4074 membro,
205 4018 254 4058 aut
266 4005 444 4061 multitudinis
454 4007 563 4074 soboles,
608 4018 715 4074 recepta
728 4001 881 4053 Dalmatio&
898 4001 966 4066 Πίον
980 3997 1050 4064 Lfflr
1066 4010 1105 4048 ¹²·

65 4083 154 4153 junge,
164 4085 233 4138 ite...
247 4085 390 4153 dividebat,
401 4086 448 4138 ubi
458 4088 565 4157 ejicien-
644 4083 670 4148 4.
688 4081 828 4154 Plerosque
841 4080 933 4152 sepius
943 4077 1014 4129 adiit.
1028 4077 1105 4130 Gouf.

69 4158 126 4212 tium
137 4177 203 4233 puto
218 4173 320 4214 etcum
333 4162 463 4228 Casaub.,
477 4163 518 4214 vel
530 4163 565 4214 le·
610 4161 643 4214 ati
658 4162 702 4212 fin.
719 4179 778 4230 cap.

67 4239 177 4307 gendum
187 4253 270 4314 atque
281 4241 321 4294 rel
332 4255 372 4310 et,
387 4244 426 4296 uti
436 4241 565 4314 judicarit
646 4240 670 4293 5.
693 4240 800 4292 Urbium
815 4237 977 4311 quasdam...
991 4235 1108 4290 libertate
