<?xml version="1.0" encoding="UTF-8"?>
<!DOCTYPE html PUBLIC "-//W3C//DTD XHTML 1.0 Transitional//EN"
    "http://www.w3.org/TR/xhtml1/DTD/xhtml1-transitional.dtd">
<html xmlns="http://www.w3.org/1999/xhtml" xml:lang="en" lang="en">
 <head>
  <title>
</title>
<meta http-equiv="Content-Type" content="text/html;charset=utf-8" />
  <meta name='ocr-system' content='tesseract 3.04.00' />
  <meta name='ocr-capabilities' content='ocr_page ocr_carea ocr_par ocr_line ocrx_word'/>
</head>
<body>
  <div class='ocr_page' id='page_1' title='image "./csuetoniitranqu02suetgoog_0055.png"; bbox 0 0 3122 5134; ppageno 0'>
   <div class='ocr_carea' id='block_1_1' title="bbox 528 561 1205 630">
    <p class='ocr_par' dir='ltr' id='par_1_1' title="bbox 528 561 1205 630">
     <span class='ocr_line' id='line_1_1' title="bbox 528 561 1205 630; baseline 0.003 -2"><span class='ocrx_word' id='word_1_1' title='bbox 528 566 564 629; x_wconf 90' lang='lat' dir='ltr'>G.</span> <span class='ocrx_word' id='word_1_2' title='bbox 588 561 838 629; x_wconf 87' lang='lat' dir='ltr'>SUETONll.</span> <span class='ocrx_word' id='word_1_3' title='bbox 1113 583 1205 630; x_wconf 82' lang='lat' dir='ltr'>xnvrr</span> 
     </span>
    </p>
   </div>
   <div class='ocr_carea' id='block_1_2' title="bbox 138 683 1214 2621">
    <p class='ocr_par' dir='ltr' id='par_1_2' title="bbox 138 683 1208 866">
     <span class='ocr_line' id='line_1_2' title="bbox 193 683 1208 770; baseline 0.003 -25"><span class='ocrx_word' id='word_1_4' title='bbox 193 683 279 770; x_wconf 84' lang='lat'><strong>1778.</strong></span> <span class='ocrx_word' id='word_1_5' title='bbox 295 687 331 749; x_wconf 88' lang='lat' dir='ltr'>C.</span> <span class='ocrx_word' id='word_1_6' title='bbox 343 685 479 750; x_wconf 86' lang='lat' dir='ltr'>Suetonii</span> <span class='ocrx_word' id='word_1_7' title='bbox 490 686 606 769; x_wconf 87' lang='lat' dir='ltr'>Tranq.</span> <span class='ocrx_word' id='word_1_8' title='bbox 617 687 774 749; x_wconf 81' lang='lat' dir='ltr'>Caesarum</span> <span class='ocrx_word' id='word_1_9' title='bbox 787 705 833 746; x_wconf 81' lang='lat'>111</span> <span class='ocrx_word' id='word_1_10' title='bbox 849 687 930 746; x_wconf 75' lang='lat' dir='ltr'>vite.</span> <span class='ocrx_word' id='word_1_11' title='bbox 940 685 1208 762; x_wconf 82' lang='lat' dir='ltr'>Halas,sumtihus</span> 
     </span>
     <span class='ocr_line' id='line_1_3' title="bbox 138 781 489 866; baseline 0.006 -24"><span class='ocrx_word' id='word_1_12' title='bbox 138 781 428 866; x_wconf 79' lang='lat' dir='ltr'>orphanotrophei.</span> <span class='ocrx_word' id='word_1_13' title='bbox 445 802 489 844; x_wconf 81' lang='lat'>12.</span> 
     </span>
    </p>

    <p class='ocr_par' dir='ltr' id='par_1_3' title="bbox 192 879 1159 962">
     <span class='ocr_line' id='line_1_4' title="bbox 192 879 1159 962; baseline 0 -22"><span class='ocrx_word' id='word_1_14' title='bbox 192 881 279 962; x_wconf 81' lang='lat'><strong>1782.</strong></span> <span class='ocrx_word' id='word_1_15' title='bbox 292 915 331 928; x_wconf 91' lang='lat'>-</span> <span class='ocrx_word' id='word_1_16' title='bbox 344 902 380 942; x_wconf 84' lang='lat' dir='ltr'>ex</span> <span class='ocrx_word' id='word_1_17' title='bbox 394 881 575 942; x_wconf 83' lang='lat' dir='ltr'>recensione</span> <span class='ocrx_word' id='word_1_18' title='bbox 585 881 767 942; x_wconf 85' lang='lat' dir='ltr'>Burmanni.</span> <span class='ocrx_word' id='word_1_19' title='bbox 782 881 925 942; x_wconf 90' lang='lat' dir='ltr'>Norimb.</span> <span class='ocrx_word' id='word_1_20' title='bbox 937 901 988 962; x_wconf 89' lang='lat' dir='ltr'>ap.</span> <span class='ocrx_word' id='word_1_21' title='bbox 1001 879 1115 962; x_wconf 74' lang='lat' dir='ltr'>Riegel.</span> <span class='ocrx_word' id='word_1_22' title='bbox 1130 883 1159 942; x_wconf 88' lang='lat'>8.</span> 
     </span>
    </p>

    <p class='ocr_par' dir='ltr' id='par_1_4' title="bbox 146 977 1209 1160">
     <span class='ocr_line' id='line_1_5' title="bbox 189 977 1209 1063; baseline -0.001 -24"><span class='ocrx_word' id='word_1_23' title='bbox 189 1011 229 1024; x_wconf 86' lang='lat'>——-</span> <span class='ocrx_word' id='word_1_24' title='bbox 244 981 278 1040; x_wconf 90' lang='lat' dir='ltr'>C.</span> <span class='ocrx_word' id='word_1_25' title='bbox 294 982 455 1042; x_wconf 83' lang='lat' dir='ltr'>Suetonius</span> <span class='ocrx_word' id='word_1_26' title='bbox 468 980 583 1063; x_wconf 85' lang='lat' dir='ltr'>Tranq.</span> <span class='ocrx_word' id='word_1_27' title='bbox 607 979 646 1040; x_wconf 87' lang='lat' dir='ltr'>de</span> <span class='ocrx_word' id='word_1_28' title='bbox 667 999 712 1038; x_wconf 83' lang='lat' dir='ltr'>xrr</span> <span class='ocrx_word' id='word_1_29' title='bbox 731 979 917 1057; x_wconf 77' lang='lat' dir='ltr'>Caesaribus,</span> <span class='ocrx_word' id='word_1_30' title='bbox 932 977 973 1040; x_wconf 87' lang='lat' dir='ltr'>ad</span> <span class='ocrx_word' id='word_1_31' title='bbox 992 981 1124 1062; x_wconf 87' lang='lat' dir='ltr'>optimas</span> <span class='ocrx_word' id='word_1_32' title='bbox 1143 977 1209 1040; x_wconf 87' lang='lat' dir='ltr'>edi-</span> 
     </span>
     <span class='ocr_line' id='line_1_6' title="bbox 146 1075 798 1160; baseline 0.003 -25"><span class='ocrx_word' id='word_1_33' title='bbox 146 1075 249 1136; x_wconf 75' lang='lat' dir='ltr'>tiones</span> <span class='ocrx_word' id='word_1_34' title='bbox 260 1077 371 1138; x_wconf 88' lang='lat' dir='ltr'>editus.</span> <span class='ocrx_word' id='word_1_35' title='bbox 385 1077 567 1159; x_wconf 88' lang='lat' dir='ltr'>Herbipoli,</span> <span class='ocrx_word' id='word_1_36' title='bbox 580 1099 631 1160; x_wconf 90' lang='lat' dir='ltr'>ap.</span> <span class='ocrx_word' id='word_1_37' title='bbox 643 1075 757 1136; x_wconf 87' lang='lat' dir='ltr'>Stahel.</span> <span class='ocrx_word' id='word_1_38' title='bbox 771 1077 798 1137; x_wconf 89' lang='lat'>8.</span> 
     </span>
    </p>

    <p class='ocr_par' dir='ltr' id='par_1_5' title="bbox 143 1171 1211 1649">
     <span class='ocr_line' id='line_1_7' title="bbox 194 1171 1210 1256; baseline 0.002 -24"><span class='ocrx_word' id='word_1_39' title='bbox 194 1174 281 1256; x_wconf 85' lang='lat'><strong>1788.</strong></span> <span class='ocrx_word' id='word_1_40' title='bbox 293 1175 327 1234; x_wconf 91' lang='lat' dir='ltr'>C.</span> <span class='ocrx_word' id='word_1_41' title='bbox 337 1175 501 1235; x_wconf 80' lang='lat' dir='ltr'>Suetonius</span> <span class='ocrx_word' id='word_1_42' title='bbox 509 1174 710 1256; x_wconf 86' lang='lat' dir='ltr'>Tranquillus</span> <span class='ocrx_word' id='word_1_43' title='bbox 720 1173 759 1234; x_wconf 84' lang='lat' dir='ltr'>ad</span> <span class='ocrx_word' id='word_1_44' title='bbox 769 1174 903 1256; x_wconf 87' lang='lat' dir='ltr'>optimas</span> <span class='ocrx_word' id='word_1_45' title='bbox 912 1171 1060 1234; x_wconf 76' lang='lat' dir='ltr'>editiones</span> <span class='ocrx_word' id='word_1_46' title='bbox 1069 1172 1210 1234; x_wconf 87' lang='lat' dir='ltr'>collatus.</span> 
     </span>
     <span class='ocr_line' id='line_1_8' title="bbox 144 1271 1211 1335; baseline 0.004 -5"><span class='ocrx_word' id='word_1_47' title='bbox 144 1271 351 1334; x_wconf 67' lang='lat' dir='ltr'>Premittitur</span> <span class='ocrx_word' id='word_1_48' title='bbox 362 1273 477 1334; x_wconf 84' lang='lat' dir='ltr'>Notitia</span> <span class='ocrx_word' id='word_1_49' title='bbox 495 1274 654 1335; x_wconf 89' lang='lat' dir='ltr'>Literaria.</span> <span class='ocrx_word' id='word_1_50' title='bbox 667 1273 789 1334; x_wconf 77' lang='lat' dir='ltr'>Accedit</span> <span class='ocrx_word' id='word_1_51' title='bbox 806 1273 909 1333; x_wconf 86' lang='lat' dir='ltr'>lndex.</span> <span class='ocrx_word' id='word_1_52' title='bbox 927 1271 1040 1333; x_wconf 87' lang='lat' dir='ltr'>Studiis</span> <span class='ocrx_word' id='word_1_53' title='bbox 1054 1273 1211 1334; x_wconf 87' lang='lat' dir='ltr'>Societatis</span> 
     </span>
     <span class='ocr_line' id='line_1_9' title="bbox 143 1366 1210 1452; baseline 0.003 -25"><span class='ocrx_word' id='word_1_54' title='bbox 143 1368 450 1450; x_wconf 87' lang='lat' dir='ltr'>Bipontinae.Editio</span> <span class='ocrx_word' id='word_1_55' title='bbox 462 1384 615 1431; x_wconf 88' lang='lat' dir='ltr'>accurata.</span> <span class='ocrx_word' id='word_1_56' title='bbox 639 1371 764 1452; x_wconf 90' lang='lat' dir='ltr'>Biponti</span> <span class='ocrx_word' id='word_1_57' title='bbox 778 1413 787 1443; x_wconf 96' lang='lat'>,</span> <span class='ocrx_word' id='word_1_58' title='bbox 800 1391 835 1430; x_wconf 85' lang='lat' dir='ltr'>ex</span> <span class='ocrx_word' id='word_1_59' title='bbox 853 1366 1062 1452; x_wconf 83' lang='lat' dir='ltr'>typographia</span> <span class='ocrx_word' id='word_1_60' title='bbox 1080 1370 1210 1430; x_wconf 88' lang='lat' dir='ltr'>Societa-</span> 
     </span>
     <span class='ocr_line' id='line_1_10' title="bbox 143 1466 1211 1549; baseline 0.004 -24"><span class='ocrx_word' id='word_1_61' title='bbox 143 1467 197 1527; x_wconf 90' lang='lat' dir='ltr'>tis.</span> <span class='ocrx_word' id='word_1_62' title='bbox 210 1470 238 1527; x_wconf 92' lang='lat'>8.</span> <span class='ocrx_word' id='word_1_63' title='bbox 248 1503 287 1530; x_wconf 81' lang='lat'>-.-</span> <span class='ocrx_word' id='word_1_64' title='bbox 296 1471 425 1529; x_wconf 85' lang='lat' dir='ltr'>Textum</span> <span class='ocrx_word' id='word_1_65' title='bbox 436 1467 556 1530; x_wconf 81' lang='lat' dir='ltr'>exhibet</span> <span class='ocrx_word' id='word_1_66' title='bbox 568 1467 615 1528; x_wconf 92' lang='lat' dir='ltr'>ed.</span> <span class='ocrx_word' id='word_1_67' title='bbox 628 1469 799 1529; x_wconf 80' lang='lat' dir='ltr'>Ernestinae</span> <span class='ocrx_word' id='word_1_68' title='bbox 814 1471 898 1549; x_wconf 82' lang='grc'><strong>1775.</strong></span> <span class='ocrx_word' id='word_1_69' title='bbox 910 1466 991 1528; x_wconf 86' lang='lat' dir='ltr'>facta</span> <span class='ocrx_word' id='word_1_70' title='bbox 1002 1487 1074 1528; x_wconf 90' lang='lat' dir='ltr'>cum</span> <span class='ocrx_word' id='word_1_71' title='bbox 1085 1488 1211 1529; x_wconf 84' lang='lat' dir='ltr'>accura-</span> 
     </span>
     <span class='ocr_line' id='line_1_11' title="bbox 143 1565 991 1649; baseline 0.002 -25"><span class='ocrx_word' id='word_1_72' title='bbox 143 1565 281 1628; x_wconf 88' lang='lat' dir='ltr'>tioribus</span> <span class='ocrx_word' id='word_1_73' title='bbox 293 1567 479 1628; x_wconf 83' lang='lat' dir='ltr'>editionibus</span> <span class='ocrx_word' id='word_1_74' title='bbox 494 1567 728 1649; x_wconf 86' lang='lat' dir='ltr'>comparatione</span> <span class='ocrx_word' id='word_1_75' title='bbox 739 1567 991 1628; x_wconf 81' lang='lat' dir='ltr'>emendatiorem.</span> 
     </span>
    </p>

    <p class='ocr_par' dir='ltr' id='par_1_6' title="bbox 145 1661 1209 1821">
     <span class='ocr_line' id='line_1_12' title="bbox 194 1661 1209 1746; baseline 0.001 -25"><span class='ocrx_word' id='word_1_76' title='bbox 194 1665 279 1745; x_wconf 83' lang='lat'><strong>1788.</strong></span> <span class='ocrx_word' id='word_1_77' title='bbox 293 1665 326 1727; x_wconf 71' lang='lat' dir='ltr'>G</span> <span class='ocrx_word' id='word_1_78' title='bbox 338 1665 475 1725; x_wconf 87' lang='lat' dir='ltr'>Suetonii</span> <span class='ocrx_word' id='word_1_79' title='bbox 487 1665 602 1746; x_wconf 82' lang='lat' dir='ltr'>Tran&#39;q.</span> <span class='ocrx_word' id='word_1_80' title='bbox 615 1684 684 1745; x_wconf 83' lang='lat' dir='ltr'>quae</span> <span class='ocrx_word' id='word_1_81' title='bbox 697 1678 861 1746; x_wconf 84' lang='lat' dir='ltr'>supersunt</span> <span class='ocrx_word' id='word_1_82' title='bbox 871 1662 988 1724; x_wconf 87' lang='lat' dir='ltr'>omnia.</span> <span class='ocrx_word' id='word_1_83' title='bbox 1001 1661 1209 1739; x_wconf 66' lang='lat' dir='ltr'>Mannhemii</span> 
     </span>
     <span class='ocr_line' id='line_1_13' title="bbox 145 1760 310 1821; baseline 0.018 -3"><span class='ocrx_word' id='word_1_84' title='bbox 145 1779 180 1819; x_wconf 82' lang='lat'>2.</span> <span class='ocrx_word' id='word_1_85' title='bbox 192 1760 265 1820; x_wconf 85' lang='lat' dir='ltr'>roll.</span> <span class='ocrx_word' id='word_1_86' title='bbox 281 1763 310 1821; x_wconf 89' lang='lat'>8.</span> 
     </span>
    </p>

    <p class='ocr_par' dir='ltr' id='par_1_7' title="bbox 143 1858 1214 2621">
     <span class='ocr_line' id='line_1_14' title="bbox 193 1858 1210 1942; baseline 0.005 -25"><span class='ocrx_word' id='word_1_87' title='bbox 193 1859 278 1920; x_wconf 90' lang='grc' dir='ltr'><strong>18οο.</strong></span> <span class='ocrx_word' id='word_1_88' title='bbox 295 1862 330 1922; x_wconf 92' lang='lat' dir='ltr'>C.</span> <span class='ocrx_word' id='word_1_89' title='bbox 347 1859 513 1921; x_wconf 86' lang='lat' dir='ltr'>Suetonius</span> <span class='ocrx_word' id='word_1_90' title='bbox 529 1859 730 1942; x_wconf 82' lang='lat' dir='ltr'>Tranquillus</span> <span class='ocrx_word' id='word_1_91' title='bbox 746 1861 785 1921; x_wconf 91' lang='lat' dir='ltr'>ad</span> <span class='ocrx_word' id='word_1_92' title='bbox 803 1861 937 1942; x_wconf 85' lang='lat' dir='ltr'>optimas</span> <span class='ocrx_word' id='word_1_93' title='bbox 954 1859 1102 1920; x_wconf 83' lang='lat' dir='ltr'>editiones</span> <span class='ocrx_word' id='word_1_94' title='bbox 1115 1858 1210 1922; x_wconf 82' lang='lat' dir='ltr'>colla·</span> 
     </span>
     <span class='ocr_line' id='line_1_15' title="bbox 143 1954 1214 2022; baseline 0.003 -10"><span class='ocrx_word' id='word_1_95' title='bbox 143 1960 208 2013; x_wconf 81' lang='lat' dir='ltr'>tus.</span> <span class='ocrx_word' id='word_1_96' title='bbox 223 1954 427 2015; x_wconf 86' lang='lat' dir='ltr'>Praemittitur</span> <span class='ocrx_word' id='word_1_97' title='bbox 438 1955 553 2015; x_wconf 86' lang='lat' dir='ltr'>Notitia</span> <span class='ocrx_word' id='word_1_98' title='bbox 565 1956 723 2017; x_wconf 87' lang='lat' dir='ltr'>Litcraria.</span> <span class='ocrx_word' id='word_1_99' title='bbox 737 1955 863 2016; x_wconf 76' lang='lat' dir='ltr'>Accedit</span> <span class='ocrx_word' id='word_1_100' title='bbox 875 1956 979 2017; x_wconf 84' lang='lat' dir='ltr'>Index.</span> <span class='ocrx_word' id='word_1_101' title='bbox 992 1956 1105 2018; x_wconf 86' lang='lat' dir='ltr'>Studiis</span> <span class='ocrx_word' id='word_1_102' title='bbox 1117 1959 1214 2022; x_wconf 85' lang='lat' dir='ltr'>Socie.</span> 
     </span>
     <span class='ocr_line' id='line_1_16' title="bbox 145 2052 1212 2138; baseline 0.005 -28"><span class='ocrx_word' id='word_1_103' title='bbox 145 2052 221 2111; x_wconf 88' lang='lat' dir='ltr'>tatis</span> <span class='ocrx_word' id='word_1_104' title='bbox 234 2053 420 2134; x_wconf 85' lang='lat' dir='ltr'>Bipontinae.</span> <span class='ocrx_word' id='word_1_105' title='bbox 434 2052 536 2112; x_wconf 87' lang='lat' dir='ltr'>Editio</span> <span class='ocrx_word' id='word_1_106' title='bbox 546 2053 696 2131; x_wconf 82' lang='lat' dir='ltr'>secunda,</span> <span class='ocrx_word' id='word_1_107' title='bbox 709 2054 900 2115; x_wconf 83' lang='lat' dir='ltr'>emendatior</span> <span class='ocrx_word' id='word_1_108' title='bbox 911 2068 941 2114; x_wconf 88' lang='lat' dir='ltr'>et</span> <span class='ocrx_word' id='word_1_109' title='bbox 953 2056 1084 2114; x_wconf 86' lang='lat' dir='ltr'>auctior.</span> <span class='ocrx_word' id='word_1_110' title='bbox 1095 2056 1212 2138; x_wconf 79' lang='lat' dir='ltr'>Argen·</span> 
     </span>
     <span class='ocr_line' id='line_1_17' title="bbox 144 2150 1211 2236; baseline 0.003 -25"><span class='ocrx_word' id='word_1_111' title='bbox 144 2155 257 2226; x_wconf 87' lang='lat' dir='ltr'>torati,</span> <span class='ocrx_word' id='word_1_112' title='bbox 271 2175 306 2214; x_wconf 80' lang='lat' dir='ltr'>ex</span> <span class='ocrx_word' id='word_1_113' title='bbox 320 2150 528 2236; x_wconf 73' lang='lat' dir='ltr'>typographia</span> <span class='ocrx_word' id='word_1_114' title='bbox 547 2155 713 2214; x_wconf 88' lang='lat' dir='ltr'>Societatis.</span> <span class='ocrx_word' id='word_1_115' title='bbox 729 2155 822 2214; x_wconf 83' lang='lat' dir='ltr'>hnno</span> <span class='ocrx_word' id='word_1_116' title='bbox 841 2174 909 2214; x_wconf 87' lang='lat' dir='ltr'>vrrr.</span> <span class='ocrx_word' id='word_1_117' title='bbox 928 2155 956 2216; x_wconf 89' lang='lat'>8.</span> <span class='ocrx_word' id='word_1_118' title='bbox 968 2187 1008 2202; x_wconf 92' lang='lat'><em>-</em></span> <span class='ocrx_word' id='word_1_119' title='bbox 1021 2154 1056 2214; x_wconf 93' lang='lat' dir='ltr'>ln</span> <span class='ocrx_word' id='word_1_120' title='bbox 1075 2152 1211 2216; x_wconf 85' lang='lat' dir='ltr'>secunda</span> 
     </span>
     <span class='ocr_line' id='line_1_18' title="bbox 144 2246 1213 2333; baseline 0.006 -26"><span class='ocrx_word' id='word_1_121' title='bbox 144 2246 208 2308; x_wconf 90' lang='lat' dir='ltr'>hac</span> <span class='ocrx_word' id='word_1_122' title='bbox 226 2250 361 2311; x_wconf 87' lang='lat' dir='ltr'>editione</span> <span class='ocrx_word' id='word_1_123' title='bbox 379 2263 483 2310; x_wconf 90' lang='lat' dir='ltr'>nostra</span> <span class='ocrx_word' id='word_1_124' title='bbox 502 2248 682 2325; x_wconf 90' lang='lat' dir='ltr'>lectionem,</span> <span class='ocrx_word' id='word_1_125' title='bbox 700 2271 751 2310; x_wconf 88' lang='lat' dir='ltr'>an.</span> <span class='ocrx_word' id='word_1_126' title='bbox 780 2251 854 2332; x_wconf 82' lang='lat'><strong>1783</strong></span> <span class='ocrx_word' id='word_1_127' title='bbox 879 2272 897 2310; x_wconf 86' lang='lat' dir='ltr'>a</span> <span class='ocrx_word' id='word_1_128' title='bbox 916 2251 1006 2311; x_wconf 92' lang='lat' dir='ltr'>nobis</span> <span class='ocrx_word' id='word_1_129' title='bbox 1023 2262 1094 2333; x_wconf 89' lang='lat' dir='ltr'>post</span> <span class='ocrx_word' id='word_1_130' title='bbox 1118 2252 1213 2314; x_wconf 81' lang='lat' dir='ltr'>Eme.</span> 
     </span>
     <span class='ocr_line' id='line_1_19' title="bbox 145 2346 1212 2429; baseline 0.004 -25"><span class='ocrx_word' id='word_1_131' title='bbox 145 2346 243 2406; x_wconf 88' lang='lat' dir='ltr'>stium</span> <span class='ocrx_word' id='word_1_132' title='bbox 256 2347 431 2428; x_wconf 81' lang='lat' dir='ltr'>vulgatam,</span> <span class='ocrx_word' id='word_1_133' title='bbox 444 2346 575 2407; x_wconf 89' lang='lat' dir='ltr'>subinde</span> <span class='ocrx_word' id='word_1_134' title='bbox 591 2349 797 2422; x_wconf 83' lang='lat' dir='ltr'>mutavimus,</span> <span class='ocrx_word' id='word_1_135' title='bbox 812 2346 951 2429; x_wconf 88' lang='lat' dir='ltr'>adeoque</span> <span class='ocrx_word' id='word_1_136' title='bbox 967 2347 1212 2410; x_wconf 87' lang='lat' dir='ltr'>emendatiorem</span> 
     </span>
     <span class='ocr_line' id='line_1_20' title="bbox 145 2441 1211 2520; baseline 0.002 -16"><span class='ocrx_word' id='word_1_137' title='bbox 145 2442 355 2520; x_wconf 83' lang='lat' dir='ltr'>reddidimus,</span> <span class='ocrx_word' id='word_1_138' title='bbox 369 2443 452 2504; x_wconf 83' lang='lat' dir='ltr'>facta</span> <span class='ocrx_word' id='word_1_139' title='bbox 465 2442 569 2504; x_wconf 91' lang='lat' dir='ltr'>denuo</span> <span class='ocrx_word' id='word_1_140' title='bbox 584 2446 774 2505; x_wconf 85' lang='lat' dir='ltr'>accuratiore</span> <span class='ocrx_word' id='word_1_141' title='bbox 788 2459 885 2505; x_wconf 89' lang='lat' dir='ltr'>textus</span> <span class='ocrx_word' id='word_1_142' title='bbox 900 2441 1065 2505; x_wconf 89' lang='lat' dir='ltr'>collatione</span> <span class='ocrx_word' id='word_1_143' title='bbox 1078 2466 1149 2506; x_wconf 91' lang='lat' dir='ltr'>cum</span> <span class='ocrx_word' id='word_1_144' title='bbox 1164 2443 1211 2506; x_wconf 89' lang='lat' dir='ltr'>ed.</span> 
     </span>
     <span class='ocr_line' id='line_1_21' title="bbox 148 2543 1213 2621; baseline 0.001 -17"><span class='ocrx_word' id='word_1_145' title='bbox 148 2546 267 2606; x_wconf 90' lang='lat' dir='ltr'>Veneta</span> <span class='ocrx_word' id='word_1_146' title='bbox 280 2567 331 2606; x_wconf 88' lang='lat' dir='ltr'>an.</span> <span class='ocrx_word' id='word_1_147' title='bbox 349 2546 434 2620; x_wconf 86' lang='lat'>1500,</span> <span class='ocrx_word' id='word_1_148' title='bbox 447 2545 584 2604; x_wconf 88' lang='lat' dir='ltr'>Parisina</span> <span class='ocrx_word' id='word_1_149' title='bbox 603 2546 686 2621; x_wconf 79' lang='lat'>1512,</span> <span class='ocrx_word' id='word_1_150' title='bbox 700 2544 812 2604; x_wconf 81' lang='lat' dir='ltr'>aldina</span> <span class='ocrx_word' id='word_1_151' title='bbox 825 2564 860 2620; x_wconf 90' lang='grc'>11,</span> <span class='ocrx_word' id='word_1_152' title='bbox 873 2543 1036 2604; x_wconf 88' lang='lat' dir='ltr'>Basileensi</span> <span class='ocrx_word' id='word_1_153' title='bbox 1052 2544 1138 2619; x_wconf 82' lang='lat'>1533,</span> <span class='ocrx_word' id='word_1_154' title='bbox 1150 2545 1213 2606; x_wconf 83' lang='lat' dir='ltr'>Ste-</span> 
     </span>
    </p>
   </div>
   <div class='ocr_carea' id='block_1_3' title="bbox 147 2639 1215 3314">
    <p class='ocr_par' dir='ltr' id='par_1_8' title="bbox 147 2639 1214 3000">
     <span class='ocr_line' id='line_1_22' title="bbox 147 2639 1213 2726; baseline 0 -24"><span class='ocrx_word' id='word_1_155' title='bbox 147 2641 311 2726; x_wconf 87' lang='lat' dir='ltr'>phaniana</span> <span class='ocrx_word' id='word_1_156' title='bbox 336 2641 421 2718; x_wconf 70' lang='lat'>1543,</span> <span class='ocrx_word' id='word_1_157' title='bbox 444 2642 701 2718; x_wconf 85' lang='lat' dir='ltr'>Casauboniana,</span> <span class='ocrx_word' id='word_1_158' title='bbox 724 2642 906 2718; x_wconf 86' lang='lat' dir='ltr'>Graeviana,</span> <span class='ocrx_word' id='word_1_159' title='bbox 925 2639 1213 2724; x_wconf 75' lang='lat' dir='ltr'>Oudendorpianaz</span> 
     </span>
     <span class='ocr_line' id='line_1_23' title="bbox 147 2739 1213 2802; baseline -0.002 0"><span class='ocrx_word' id='word_1_160' title='bbox 147 2742 303 2802; x_wconf 84' lang='lat' dir='ltr'>Notitiam</span> <span class='ocrx_word' id='word_1_161' title='bbox 316 2742 487 2802; x_wconf 89' lang='lat' dir='ltr'>literariam</span> <span class='ocrx_word' id='word_1_162' title='bbox 503 2761 575 2801; x_wconf 91' lang='lat' dir='ltr'>cum</span> <span class='ocrx_word' id='word_1_163' title='bbox 593 2741 698 2802; x_wconf 89' lang='lat' dir='ltr'>Indice</span> <span class='ocrx_word' id='word_1_164' title='bbox 715 2739 891 2801; x_wconf 89' lang='lat' dir='ltr'>editionum</span> <span class='ocrx_word' id='word_1_165' title='bbox 907 2742 1066 2800; x_wconf 82' lang='lat' dir='ltr'>auximus:</span> <span class='ocrx_word' id='word_1_166' title='bbox 1087 2739 1213 2800; x_wconf 90' lang='lat' dir='ltr'>tandem</span> 
     </span>
     <span class='ocr_line' id='line_1_24' title="bbox 148 2836 1214 2922; baseline -0.002 -22"><span class='ocrx_word' id='word_1_167' title='bbox 148 2841 338 2922; x_wconf 74' lang='lat' dir='ltr'>Fragmenta</span> <span class='ocrx_word' id='word_1_168' title='bbox 350 2839 489 2900; x_wconf 89' lang='lat' dir='ltr'>Suetonii</span> <span class='ocrx_word' id='word_1_169' title='bbox 501 2837 694 2914; x_wconf 87' lang='lat' dir='ltr'>addidimus,</span> <span class='ocrx_word' id='word_1_170' title='bbox 709 2858 777 2919; x_wconf 80' lang='lat' dir='ltr'>quae</span> <span class='ocrx_word' id='word_1_171' title='bbox 792 2839 826 2898; x_wconf 91' lang='lat' dir='ltr'>in</span> <span class='ocrx_word' id='word_1_172' title='bbox 840 2837 976 2899; x_wconf 89' lang='lat' dir='ltr'>editione</span> <span class='ocrx_word' id='word_1_173' title='bbox 986 2838 1149 2900; x_wconf 87' lang='lat' dir='ltr'>Ernestina</span> <span class='ocrx_word' id='word_1_174' title='bbox 1161 2836 1214 2899; x_wconf 88' lang='lat' dir='ltr'>de·</span> 
     </span>
     <span class='ocr_line' id='line_1_25' title="bbox 150 2938 339 3000; baseline -0.011 0"><span class='ocrx_word' id='word_1_175' title='bbox 150 2938 339 3000; x_wconf 79' lang='lat' dir='ltr'>siderentur.</span> 
     </span>
    </p>

    <p class='ocr_par' dir='ltr' id='par_1_9' title="bbox 150 3026 1215 3314">
     <span class='ocr_line' id='line_1_26' title="bbox 191 3026 1213 3117; baseline -0.002 -21"><span class='ocrx_word' id='word_1_176' title='bbox 191 3036 294 3096; x_wconf 86' lang='lat' dir='ltr'>Sedet</span> <span class='ocrx_word' id='word_1_177' title='bbox 309 3035 363 3096; x_wconf 87' lang='lat' dir='ltr'>alii</span> <span class='ocrx_word' id='word_1_178' title='bbox 379 3033 647 3096; x_wconf 89' lang='lat' dir='ltr'>commemorandi</span> <span class='ocrx_word' id='word_1_179' title='bbox 660 3026 748 3109; x_wconf 85' lang='lat' dir='ltr'>sunt,</span> <span class='ocrx_word' id='word_1_180' title='bbox 765 3035 820 3116; x_wconf 92' lang='lat' dir='ltr'>qui</span> <span class='ocrx_word' id='word_1_181' title='bbox 836 3036 985 3096; x_wconf 91' lang='lat' dir='ltr'>Suetonio</span> <span class='ocrx_word' id='word_1_182' title='bbox 1002 3033 1144 3117; x_wconf 87' lang='lat' dir='ltr'>prodesse</span> <span class='ocrx_word' id='word_1_183' title='bbox 1160 3055 1213 3094; x_wconf 87' lang='lat' dir='ltr'>vo·</span> 
     </span>
     <span class='ocr_line' id='line_1_27' title="bbox 150 3129 1213 3216; baseline -0.004 -19"><span class='ocrx_word' id='word_1_184' title='bbox 150 3135 251 3206; x_wconf 91' lang='lat' dir='ltr'>luere,</span> <span class='ocrx_word' id='word_1_185' title='bbox 267 3135 314 3194; x_wconf 88' lang='lat' dir='ltr'>vel</span> <span class='ocrx_word' id='word_1_186' title='bbox 330 3133 471 3216; x_wconf 87' lang='lat' dir='ltr'>profuere</span> <span class='ocrx_word' id='word_1_187' title='bbox 486 3132 592 3213; x_wconf 87' lang='lat' dir='ltr'>aliquo</span> <span class='ocrx_word' id='word_1_188' title='bbox 604 3133 709 3194; x_wconf 88' lang='lat' dir='ltr'>modo.</span> <span class='ocrx_word' id='word_1_189' title='bbox 722 3129 968 3194; x_wconf 83' lang='lat' dir='ltr'>Commentarios</span> <span class='ocrx_word' id='word_1_190' title='bbox 982 3131 1130 3215; x_wconf 87' lang='lat' dir='ltr'>perfectos</span> <span class='ocrx_word' id='word_1_191' title='bbox 1144 3153 1213 3193; x_wconf 90' lang='lat' dir='ltr'>mo·</span> 
     </span>
     <span class='ocr_line' id='line_1_28' title="bbox 151 3226 1215 3314; baseline -0.002 -22"><span class='ocrx_word' id='word_1_192' title='bbox 151 3233 289 3293; x_wconf 87' lang='lat' dir='ltr'>liebatur</span> <span class='ocrx_word' id='word_1_193' title='bbox 300 3234 389 3314; x_wconf 86' lang='lat' dir='ltr'>Casp.</span> <span class='ocrx_word' id='word_1_194' title='bbox 403 3228 560 3305; x_wconf 71' lang='lat' dir='ltr'>barthius,</span> <span class='ocrx_word' id='word_1_195' title='bbox 574 3229 635 3292; x_wconf 89' lang='lat' dir='ltr'>vid.</span> <span class='ocrx_word' id='word_1_196' title='bbox 645 3231 777 3291; x_wconf 89' lang='lat' dir='ltr'>Statium</span> <span class='ocrx_word' id='word_1_197' title='bbox 787 3228 850 3311; x_wconf 84' lang='lat' dir='ltr'>ejus</span> <span class='ocrx_word' id='word_1_198' title='bbox 859 3232 893 3290; x_wconf 83' lang='grc' dir='ltr'>Τ.</span> <span class='ocrx_word' id='word_1_199' title='bbox 904 3230 963 3304; x_wconf 95' lang='lat' dir='ltr'>lll,</span> <span class='ocrx_word' id='word_1_200' title='bbox 975 3251 1004 3311; x_wconf 93' lang='lat' dir='ltr'>p.</span> <span class='ocrx_word' id='word_1_201' title='bbox 1015 3226 1084 3305; x_wconf 70' lang='lat' dir='ltr'>lod.</span> <span class='ocrx_word' id='word_1_202' title='bbox 1098 3230 1215 3290; x_wconf 83' lang='lat' dir='ltr'>Promi-</span> 
     </span>
    </p>
   </div>
   <div class='ocr_carea' id='block_1_4' title="bbox 150 3326 1220 4293">
    <p class='ocr_par' dir='ltr' id='par_1_10' title="bbox 150 3326 1220 4293">
     <span class='ocr_line' id='line_1_29' title="bbox 151 3326 1212 3410; baseline -0.002 -20"><span class='ocrx_word' id='word_1_203' title='bbox 151 3331 190 3390; x_wconf 89' lang='lat' dir='ltr'>sit</span> <span class='ocrx_word' id='word_1_204' title='bbox 199 3342 231 3389; x_wconf 92' lang='lat' dir='ltr'>et</span> <span class='ocrx_word' id='word_1_205' title='bbox 240 3328 406 3389; x_wconf 86' lang='lat' dir='ltr'>Salmasius</span> <span class='ocrx_word' id='word_1_206' title='bbox 418 3327 457 3388; x_wconf 91' lang='lat' dir='ltr'>ad</span> <span class='ocrx_word' id='word_1_207' title='bbox 467 3327 575 3410; x_wconf 89' lang='lat' dir='ltr'>Script.</span> <span class='ocrx_word' id='word_1_208' title='bbox 587 3329 626 3388; x_wconf 90' lang='lat' dir='ltr'>H.</span> <span class='ocrx_word' id='word_1_209' title='bbox 638 3329 672 3386; x_wconf 78' lang='lat' dir='ltr'>A.</span> <span class='ocrx_word' id='word_1_210' title='bbox 684 3350 715 3410; x_wconf 96' lang='lat' dir='ltr'>p.</span> <span class='ocrx_word' id='word_1_211' title='bbox 728 3329 775 3408; x_wconf 88' lang='lat'>57.</span> <span class='ocrx_word' id='word_1_212' title='bbox 787 3326 874 3388; x_wconf 89' lang='lat' dir='ltr'>Rich.</span> <span class='ocrx_word' id='word_1_213' title='bbox 887 3327 1059 3388; x_wconf 91' lang='lat' dir='ltr'>Bentleium</span> <span class='ocrx_word' id='word_1_214' title='bbox 1070 3327 1212 3388; x_wconf 91' lang='lat' dir='ltr'>molitum</span> 
     </span>
     <span class='ocr_line' id='line_1_30' title="bbox 150 3427 1215 3502; baseline -0.002 -13"><span class='ocrx_word' id='word_1_215' title='bbox 150 3449 214 3489; x_wconf 85' lang='lat' dir='ltr'>esse</span> <span class='ocrx_word' id='word_1_216' title='bbox 225 3448 342 3490; x_wconf 90' lang='lat' dir='ltr'>novam</span> <span class='ocrx_word' id='word_1_217' title='bbox 357 3427 527 3488; x_wconf 90' lang='lat' dir='ltr'>editionem</span> <span class='ocrx_word' id='word_1_218' title='bbox 539 3427 693 3502; x_wconf 88' lang='lat' dir='ltr'>Suetonii,</span> <span class='ocrx_word' id='word_1_219' title='bbox 711 3427 743 3486; x_wconf 92' lang='lat' dir='ltr'>in</span> <span class='ocrx_word' id='word_1_220' title='bbox 755 3427 862 3488; x_wconf 88' lang='lat' dir='ltr'>Diario</span> <span class='ocrx_word' id='word_1_221' title='bbox 876 3429 993 3486; x_wconf 86' lang='lat' dir='ltr'>Veneto</span> <span class='ocrx_word' id='word_1_222' title='bbox 1006 3427 1154 3487; x_wconf 85' lang='lat' dir='ltr'>traditum</span> <span class='ocrx_word' id='word_1_223' title='bbox 1169 3447 1215 3488; x_wconf 87' lang='lat' dir='ltr'>re-</span> 
     </span>
     <span class='ocr_line' id='line_1_31' title="bbox 152 3519 1215 3611; baseline -0.002 -23"><span class='ocrx_word' id='word_1_224' title='bbox 152 3529 273 3611; x_wconf 88' lang='lat' dir='ltr'>peritur</span> <span class='ocrx_word' id='word_1_225' title='bbox 290 3529 325 3589; x_wconf 88' lang='grc' dir='ltr'>Τ.</span> <span class='ocrx_word' id='word_1_226' title='bbox 344 3528 460 3604; x_wconf 84' lang='lat' dir='ltr'>XVIII,</span> <span class='ocrx_word' id='word_1_227' title='bbox 481 3550 511 3610; x_wconf 95' lang='lat' dir='ltr'>p.</span> <span class='ocrx_word' id='word_1_228' title='bbox 526 3519 603 3602; x_wconf 57' lang='lat'>⁶458,</span> <span class='ocrx_word' id='word_1_229' title='bbox 621 3547 716 3607; x_wconf 91' lang='lat' dir='ltr'>quam</span> <span class='ocrx_word' id='word_1_230' title='bbox 740 3526 928 3587; x_wconf 89' lang='lat' dir='ltr'>intercidisse</span> <span class='ocrx_word' id='word_1_231' title='bbox 951 3526 1100 3587; x_wconf 89' lang='lat' dir='ltr'>dolemus.</span> <span class='ocrx_word' id='word_1_232' title='bbox 1122 3527 1215 3587; x_wconf 90' lang='lat' dir='ltr'>Multi</span> 
     </span>
     <span class='ocr_line' id='line_1_32' title="bbox 151 3625 1216 3710; baseline -0.003 -22"><span class='ocrx_word' id='word_1_233' title='bbox 151 3628 299 3710; x_wconf 84' lang='lat' dir='ltr'>scripsere</span> <span class='ocrx_word' id='word_1_234' title='bbox 310 3640 470 3708; x_wconf 72' lang='lat' dir='ltr'>preterea,</span> <span class='ocrx_word' id='word_1_235' title='bbox 484 3645 551 3706; x_wconf 75' lang='lat' dir='ltr'>qua</span> <span class='ocrx_word' id='word_1_236' title='bbox 565 3627 710 3686; x_wconf 82' lang='lat' dir='ltr'>Suetonio</span> <span class='ocrx_word' id='word_1_237' title='bbox 723 3626 771 3686; x_wconf 88' lang='lat' dir='ltr'>vel</span> <span class='ocrx_word' id='word_1_238' title='bbox 787 3625 975 3707; x_wconf 85' lang='lat' dir='ltr'>pmdessent,</span> <span class='ocrx_word' id='word_1_239' title='bbox 988 3626 1035 3686; x_wconf 88' lang='lat' dir='ltr'>vel</span> <span class='ocrx_word' id='word_1_240' title='bbox 1050 3626 1216 3707; x_wconf 85' lang='lat' dir='ltr'>profutura</span> 
     </span>
     <span class='ocr_line' id='line_1_33' title="bbox 154 3721 1217 3807; baseline -0.003 -21"><span class='ocrx_word' id='word_1_241' title='bbox 154 3739 292 3786; x_wconf 87' lang='lat' dir='ltr'>auctores</span> <span class='ocrx_word' id='word_1_242' title='bbox 301 3736 470 3807; x_wconf 86' lang='lat' dir='ltr'>sperarent.</span> <span class='ocrx_word' id='word_1_243' title='bbox 481 3722 575 3784; x_wconf 92' lang='lat' dir='ltr'>Nobis</span> <span class='ocrx_word' id='word_1_244' title='bbox 584 3721 616 3784; x_wconf 95' lang='lat' dir='ltr'>hi</span> <span class='ocrx_word' id='word_1_245' title='bbox 628 3736 772 3784; x_wconf 86' lang='lat' dir='ltr'>notuere:</span> <span class='ocrx_word' id='word_1_246' title='bbox 784 3721 949 3785; x_wconf 84' lang='lat' dir='ltr'>Marcellus</span> <span class='ocrx_word' id='word_1_247' title='bbox 961 3725 1102 3784; x_wconf 88' lang='lat' dir='ltr'>Donatus</span> <span class='ocrx_word' id='word_1_248' title='bbox 1115 3724 1147 3782; x_wconf 89' lang='lat' dir='ltr'>in</span> <span class='ocrx_word' id='word_1_249' title='bbox 1161 3723 1217 3783; x_wconf 88' lang='lat' dir='ltr'>Di-</span> 
     </span>
     <span class='ocr_line' id='line_1_34' title="bbox 154 3819 1217 3902; baseline -0.004 -18"><span class='ocrx_word' id='word_1_250' title='bbox 154 3822 397 3884; x_wconf 85' lang='lat' dir='ltr'>lucidationibus</span> <span class='ocrx_word' id='word_1_251' title='bbox 416 3822 448 3882; x_wconf 92' lang='lat' dir='ltr'>in</span> <span class='ocrx_word' id='word_1_252' title='bbox 468 3821 594 3882; x_wconf 87' lang='lat' dir='ltr'>Latinos</span> <span class='ocrx_word' id='word_1_253' title='bbox 614 3819 776 3902; x_wconf 92' lang='lat' dir='ltr'>plerosque</span> <span class='ocrx_word' id='word_1_254' title='bbox 795 3819 928 3881; x_wconf 86' lang='lat' dir='ltr'>historiae</span> <span class='ocrx_word' id='word_1_255' title='bbox 948 3822 1036 3880; x_wconf 85' lang='lat' dir='ltr'>Rom.</span> <span class='ocrx_word' id='word_1_256' title='bbox 1056 3821 1217 3900; x_wconf 88' lang='lat' dir='ltr'>scriptores</span> 
     </span>
     <span class='ocr_line' id='line_1_35' title="bbox 157 3915 1217 4001; baseline -0.004 -21"><span class='ocrx_word' id='word_1_257' title='bbox 157 3941 187 4001; x_wconf 94' lang='lat' dir='ltr'>p.</span> <span class='ocrx_word' id='word_1_258' title='bbox 208 3917 278 3996; x_wconf 68' lang='lat'>154,</span> <span class='ocrx_word' id='word_1_259' title='bbox 296 3919 345 3979; x_wconf 90' lang='lat' dir='ltr'>ed.</span> <span class='ocrx_word' id='word_1_260' title='bbox 360 3920 475 3981; x_wconf 87' lang='lat' dir='ltr'>Veron.</span> <span class='ocrx_word' id='word_1_261' title='bbox 501 3918 593 3991; x_wconf 86' lang='grc'><strong>1656,</strong></span> <span class='ocrx_word' id='word_1_262' title='bbox 605 3915 639 3993; x_wconf 65' lang='lat' dir='ltr'>lp,</span> <span class='ocrx_word' id='word_1_263' title='bbox 660 3917 782 3977; x_wconf 89' lang='lat' dir='ltr'>insertis</span> <span class='ocrx_word' id='word_1_264' title='bbox 800 3938 927 3998; x_wconf 90' lang='lat' dir='ltr'>quoque</span> <span class='ocrx_word' id='word_1_265' title='bbox 943 3919 977 3976; x_wconf 92' lang='lat' dir='ltr'>T.</span> <span class='ocrx_word' id='word_1_266' title='bbox 991 3917 1034 3975; x_wconf 94' lang='lat' dir='ltr'>Vl</span> <span class='ocrx_word' id='word_1_267' title='bbox 1049 3916 1217 3998; x_wconf 87' lang='lat' dir='ltr'>Lampadis</span> 
     </span>
     <span class='ocr_line' id='line_1_36' title="bbox 157 4013 1217 4080; baseline -0.004 -2"><span class='ocrx_word' id='word_1_268' title='bbox 157 4017 277 4078; x_wconf 82' lang='lat' dir='ltr'>Artium</span> <span class='ocrx_word' id='word_1_269' title='bbox 285 4037 309 4078; x_wconf 89' lang='lat' dir='ltr'>s.</span> <span class='ocrx_word' id='word_1_270' title='bbox 319 4013 469 4080; x_wconf 83' lang='lat' dir='ltr'>Thesauri</span> <span class='ocrx_word' id='word_1_271' title='bbox 478 4015 574 4076; x_wconf 90' lang='lat' dir='ltr'>critici</span> <span class='ocrx_word' id='word_1_272' title='bbox 584 4014 766 4079; x_wconf 82' lang='lat' dir='ltr'>Gruteriani</span> <span class='ocrx_word' id='word_1_273' title='bbox 777 4013 924 4076; x_wconf 88' lang='lat' dir='ltr'>Francof.</span> <span class='ocrx_word' id='word_1_274' title='bbox 938 4014 1022 4072; x_wconf 84' lang='lat'>1612.</span> <span class='ocrx_word' id='word_1_275' title='bbox 1035 4014 1063 4074; x_wconf 94' lang='lat'>8.</span> <span class='ocrx_word' id='word_1_276' title='bbox 1074 4015 1139 4073; x_wconf 88' lang='lat' dir='ltr'>Nic.</span> <span class='ocrx_word' id='word_1_277' title='bbox 1151 4014 1217 4074; x_wconf 83' lang='lat' dir='ltr'>Bel·</span> 
     </span>
     <span class='ocr_line' id='line_1_37' title="bbox 159 4110 1218 4188; baseline -0.002 -16"><span class='ocrx_word' id='word_1_278' title='bbox 159 4113 341 4178; x_wconf 88' lang='lat' dir='ltr'>lermontius</span> <span class='ocrx_word' id='word_1_279' title='bbox 353 4114 386 4174; x_wconf 91' lang='lat' dir='ltr'>in</span> <span class='ocrx_word' id='word_1_280' title='bbox 399 4114 477 4175; x_wconf 88' lang='lat' dir='ltr'>Diss.</span> <span class='ocrx_word' id='word_1_281' title='bbox 492 4113 523 4173; x_wconf 93' lang='lat' dir='ltr'>in</span> <span class='ocrx_word' id='word_1_282' title='bbox 535 4113 691 4188; x_wconf 89' lang='lat' dir='ltr'>Tacitum,</span> <span class='ocrx_word' id='word_1_283' title='bbox 704 4113 901 4186; x_wconf 88' lang='lat' dir='ltr'>Suetonium,</span> <span class='ocrx_word' id='word_1_284' title='bbox 913 4125 968 4171; x_wconf 89' lang='lat' dir='ltr'>etc.</span> <span class='ocrx_word' id='word_1_285' title='bbox 981 4111 1072 4172; x_wconf 88' lang='lat' dir='ltr'>Basil.</span> <span class='ocrx_word' id='word_1_286' title='bbox 1090 4110 1174 4171; x_wconf 79' lang='lat'><strong>1626.</strong></span> <span class='ocrx_word' id='word_1_287' title='bbox 1189 4113 1218 4170; x_wconf 94' lang='lat'>8.</span> 
     </span>
     <span class='ocr_line' id='line_1_38' title="bbox 161 4209 1220 4293; baseline -0.005 -20"><span class='ocrx_word' id='word_1_288' title='bbox 161 4212 442 4286; x_wconf 83' lang='lat' dir='ltr'>Ecommentariis,</span> <span class='ocrx_word' id='word_1_289' title='bbox 455 4233 531 4293; x_wconf 83' lang='lat' dir='ltr'>quus</span> <span class='ocrx_word' id='word_1_290' title='bbox 544 4213 745 4272; x_wconf 88' lang='lat' dir='ltr'>Berneccerus</span> <span class='ocrx_word' id='word_1_291' title='bbox 757 4213 792 4272; x_wconf 89' lang='lat' dir='ltr'>in</span> <span class='ocrx_word' id='word_1_292' title='bbox 804 4211 988 4272; x_wconf 89' lang='lat' dir='ltr'>Suetonium</span> <span class='ocrx_word' id='word_1_293' title='bbox 1000 4211 1143 4293; x_wconf 85' lang='lat' dir='ltr'>parabat,</span> <span class='ocrx_word' id='word_1_294' title='bbox 1156 4209 1220 4269; x_wconf 92' lang='lat' dir='ltr'>edi-</span> 
     </span>
    </p>
   </div>
   <div class='ocr_carea' id='block_1_5' title="bbox 0 0 1579 5134">
    <p class='ocr_par' dir='ltr' id='par_1_11' title="bbox 0 0 1579 5134">
     <span class='ocr_line' id='line_1_39' title="bbox 0 0 1579 5134; baseline 0 0"><span class='ocrx_word' id='word_1_295' title='bbox 0 0 1579 5134; x_wconf 95' lang='lat' dir='ltr'> </span> 
     </span>
    </p>
   </div>
  </div>
 </body>
</html>
