3120 5136
416 520 483 590 306
788 519 824 580 C.
851 515 1085 582 SUETONII

414 648 552 728 taverit,
573 645 706 712 AEnaria
724 639 811 709 data.
833 640 1042 710 Observabat
1064 657 1097 708 et
1122 640 1193 710 dies
1211 642 1395 740 quosdam,
1415 662 1453 713 nt

415 772 474 825 aut
497 751 658 849 postridie
681 749 872 819 luundinas
893 775 1066 846 quoquam
1089 751 1377 845 proficisceretm‚
1402 771 1455 822 aut

416 869 520 935 Nonis
533 866 714 959 quicquam
726 863 773 928 rei
787 865 883 928 seriae
895 861 1086 945 inchoaret3
1100 862 1184 930 nihil
1197 867 1232 930 in
1246 864 1312 932 hoc
1323 863 1453 960 quidem

414 973 506 1043 aliud
515 972 683 1054 devitans,
696 986 735 1037 ut
745 970 788 1038 ad
800 970 973 1038 Tiberium
985 971 1118 1055 scribit,
1130 997 1232 1067 quam
1246 987 1389 1066 demptas
1400 1000 1454 1042 no-
1540 1063 1541 1070 ἵ

415 1089 527 1154 minis
1540 1071 1541 1076 ἵ

461 1201 578 1266 XCIII.
603 1196 875 1287 Peregrinarum¹
896 1196 1156 1262 cerimoniarum
1173 1198 1258 1263 sicut
1274 1213 1404 1264 veteres
1420 1219 1453 1264 ac
1540 1255 1541 1292 3

416 1323 602 1405 praeceptas
629 1308 895 1374 reverentissime
916 1305 1038 1388 coluit,
1058 1309 1104 1374 ita
1128 1323 1255 1375 ceteras
1278 1313 1452 1378 contemtui
1540 1293 1541 1314 ¹

417 1418 544 1488 habuit.
564 1422 716 1509 Namque
731 1413 890 1480 Athenis²
905 1416 1071 1497 initiatus,
1086 1439 1194 1510 quum
1212 1431 1330 1508 postea
1348 1424 1451 1485 Rome

417 1554 480 1624 pro
494 1522 653 1596 tribunali
666 1521 708 1590 de
719 1521 893 1614 privilegio
907 1521 1121 1610 sacerdotum
1135 1528 1251 1592 Atticae
1263 1530 1394 1594 Cereris
1407 1551 1453 1594 co
1540 1559 1541 1568 ¹

417 1654 611 1732 gnosceret,
624 1650 658 1703 et
667 1632 823 1729 quaedam
835 1637 1014 1702 secretiora
1028 1656 1313 1728 proponerentm·,
1325 1637 1452 1706 dimisso
1540 1707 1541 1714 ,

418 1747 577 1820 consilio³
601 1762 634 1814 et
654 1769 778 1812 corona
802 1747 1109 1827 circumstantium,
1130 1745 1222 1813 solus
1237 1745 1345 1814 audiit
1359 1746 1452 1814 disce

417 1877 561 1955 ptantes.
587 1865 629 1924 At
653 1872 788 1938 contra,
814 1880 883 1923 non
903 1853 1004 1924 modo
1029 1859 1065 1922 in
1090 1856 1297 1949 peragranda
1322 1865 1451 1951 AEflypto

418 1969 520 2064 paulo
541 1967 718 2036 deflectere
741 1963 785 2032 ad
807 1966 984 2034 visendum
1005 1970 1091 2059 Apin
1116 1967 1323 2060 supersedit,
1349 1970 1451 2037 sedet

418 2070 537 2148 Caium
548 2093 721 2170 nepotem,
739 2075 831 2171 quod
846 2075 1000 2144 Judaeam
1016 2079 1266 2170 praetervehens
1280 2081 1371 2174 apud
1386 2082 1450 2148 Hie

420 2185 646 2282 rosolymaml
659 2209 729 2253 non
744 2186 982 2278 supplicasset,
997 2187 1209 2257 collaudavit.

467 2303 579 2368 XCIV.
605 2301 648 2364 Et
658 2299 820 2391 quoniam
832 2297 875 2365 ad
890 2298 964 2367 haec
975 2316 1114 2368 ventum
1128 2317 1197 2383 est,
1212 2324 1282 2368 non
1294 2301 1338 2368 ab
1349 2325 1384 2368 re
1394 2301 1450 2367 fue

418 2413 463 2480 rit
476 2407 670 2488 subtexere,
684 2429 760 2500 quat
772 2410 802 2474 ei
815 2410 928 2500 prius,
942 2433 1043 2505 quam
1054 2427 1264 2496 nasceretur,
1278 2429 1312 2479 et
1322 2415 1394 2505 ipso
1404 2433 1450 2477 na·

420 2521 480 2590 tali
492 2521 562 2602 die,
579 2543 618 2588 ac
630 2518 788 2612 deinceps
803 2525 993 2605 evenerint,
1010 2523 1132 2619 quibus
1145 2525 1260 2592 futura
1270 2520 1450 2618 magnitudo

430 2803 432 2808 Ι
455 2744 481 2810 4.
500 2741 627 2796 Postridie
645 2742 783 2794 nundinas.
798 2743 920 2796 Fortasse
966 2745 1061 2812 idest,
1077 2761 1155 2802 antea
1169 2761 1278 2819 captas,
1294 2751 1413 2814 usitatas,
1423 2744 1449 2796 al.

421 2822 457 2875 ob
481 2819 667 2886 novemdiales,
693 2823 803 2872 mortuis
822 2839 918 2873 sacros.
965 2837 1094 2897 receptas,
1122 2825 1194 2897 quod
1220 2828 1450 2899 interpretationem

420 2901 541 2953 Macrob.
557 2899 660 2952 Satura.
681 2901 709 2964 I,
731 2899 778 2951 132
795 2923 807 2946 ι
818 2901 920 2971 quoties
965 2905 1043 2974 sapit.

420 2981 563 3050 incipiente
571 2997 642 3031 anno
652 2977 708 3030 dies
719 2980 813 3049 coepit,
823 2980 869 3050 qui
878 2977 921 3030 ad·
1003 3000 1026 3033 2.
1041 2981 1151 3037 Attente
1160 2984 1290 3044 initiatus,⁸
1302 3003 1382 3056 quum
1390 2982 1451 3034 devi-

419 3058 506 3111 dictns
518 3070 557 3110 est
570 3057 710 3125 nundinis,
725 3061 809 3110 omnis
820 3057 863 3109 ille
877 3078 922 3111 an·
966 3073 1009 3111 cto
1017 3062 1148 3126 Antonio,
1160 3081 1221 3113 ann.
1230 3061 1336 3134 723,eo
1343 3065 1449 3115 venisset

419 3157 469 3192 nus
475 3139 597 3191 infaustis
603 3137 920 3200 casibusluctuosusfuit3
1002 3141 1027 3193 3.
1049 3138 1170 3193 Consilio.
1180 3143 1220 3192 Ita
1231 3141 1326 3212 optimi
1336 3144 1451 3212 interpre-

419 3217 921 3290 maximequeLepidianotumultuopi·
966 3229 1005 3270 tes
1023 3218 1154 3271 dederunt
1167 3239 1217 3292 pro
1234 3219 1353 3273 concilio.
1370 3217 1450 3271 Consi-

419 3299 464 3351 nio
474 3301 524 3350 ista
534 3297 636 3348 firmata
646 3308 692 3347 est.
705 3319 716 3342 n
729 3295 796 3350 Vide
806 3297 919 3349 Casaub.
965 3297 1029 3349 lium
1042 3311 1082 3351 est
1089 3298 1227 3370 judicum,
1240 3300 1313 3372 quod
1323 3299 1452 3372 opponitur

419 3377 454 3430 td
467 3377 496 3428 b.
509 3375 527 3427 l.
545 3386 571 3427 et
588 3373 690 3426 Fabric.
712 3373 745 3426 ad
762 3377 841 3426 Dion.
859 3375 919 3442 XL,
964 3375 1037 3446 vulgi
1046 3379 1240 3431 circumstantis
1248 3397 1363 3430 coronae.
1372 3381 1451 3430 Postet

419 3456 462 3526 47,
484 3468 511 3507 et
528 3453 649 3518 XLVIII,
670 3452 712 3505 33.
734 3483 770 3492 —
789 3455 818 3504 ln
837 3455 922 3508 Nonis
963 3456 1046 3529 paulo
1069 3475 1120 3530 pro
1142 3456 1253 3530 paulum
1278 3478 1309 3511 ex
1334 3458 1451 3530 plerisque

418 3531 829 3603 boqtplaenomirtis(patetenim
838 3533 920 3600 banc,
965 3535 1050 3588 Codd.
1060 3538 1172 3589 restitnit
1183 3535 1358 3610 Oudendorp.

417 3633 472 3666 non
480 3614 588 3680 ominis,
598 3629 687 3664 veram
698 3631 755 3664 esse
764 3613 921 3686 lectionem)
1001 3614 1026 3681 4.
1045 3614 1125 3686 Apud
1142 3615 1361 3687 Hierosolymam.
1378 3618 1450 3668 Burin.

418 3695 562 3768 querenda
573 3707 612 3748 est
624 3696 651 3745 in
662 3693 776 3747 dissecta
786 3713 864 3760 voce,
873 3695 920 3748 ubi
961 3705 991 3745 *et
999 3692 1122 3746 Oudond.
1133 3697 1275 3767 praeferunt
1285 3695 1452 3766 Hierosolyma

419 3778 502 3830 oritur
518 3793 571 3827 nou
589 3776 623 3840 is,
644 3792 697 3844 quo
713 3776 751 3826 ire
766 3787 792 3826 et
810 3777 918 3826 omnino
965 3773 1000 3825 ob
1015 3793 1090 3826 usum
1107 3775 1241 3841 Suetonii,
1262 3777 1325 3828 Ner.
1345 3776 1394 3844 4ο,
1409 3775 1451 3826 'lit

418 3871 495 3926 agero
508 3852 608 3926 aliquid
620 3852 785 3905 vetabantur.
965 3852 990 3906 5.
1003 3854 1080 3907 conf.
1096 3855 1198 3907 Ernest.
1211 3854 1245 3907 ad
1256 3855 1341 3909 Tacit.
1355 3858 1415 3908 Hist.
1427 3853 1452 3917 V,

451 3935 541 3988 XCIII.
561 3932 919 4005 1.Pereyn'nammcert'mo-
967 3951 990 3985 2.
1016 3933 1067 3986 Sed
1092 3936 1187 4006 saepius
1214 3937 1357 4008 scriptores
1381 3931 1452 3987 eidem

416 4017 529 4068 niumm.
538 4015 660 4066 Genitivo
668 4014 769 4082 generis
776 4013 918 4083 praeposito
963 4015 1054 4066 forme
1066 4032 1094 4065 se
1102 4033 1157 4065 non
1166 4015 1349 4087 adstringunt,
1359 4009 1451 4088 quando

417 4096 613 4166 subjunguntur
627 4094 728 4168 species
738 4115 744 4144 ι
756 4093 814 4146 vide
824 4111 918 4164 supra,
963 4095 1039 4145 varie
1051 4095 1299 4165 frequentabantur.
1314 4093 1452 4168 Supplicm

418 4193 440 4225 c.
463 4177 512 4242 48,
527 4193 673 4249 reynerum.
694 4169 753 4225 l'ro¹
760 4184 916 4246 praeceptas,
964 4185 1004 4225 est
1018 4169 1168 4244 tacnficare.
