3040 5118
408 625 410 628 Ι
474 540 715 606 ricuinus
1057 537 1121 607 385

86 683 179 749 natu,
199 665 440 759 inchoataque²
462 663 682 746 allocutione,
704 662 886 756 derepente
905 663 998 734 velut
1016 668 1126 760 impar

84 777 187 846 dolori
205 779 412 870 congemuit,
428 795 534 870 utque
549 799 620 843 non
633 774 743 844 solum
760 798 842 859 vox,
861 773 921 844 scd
938 791 973 843 et
990 779 1127 869 spiritns

83 886 254 970 deiiceret,
278 888 422 979 optavit,
447 909 487 954 ac
510 883 753 978 perlegendum
775 883 900 954 librum
925 891 1034 955 Druso
1057 886 1126 957 filio

83 995 224 1066 tradidit.
244 993 398 1065 lllamm³
413 994 536 1064 deinde
549 998 690 1090 cupisti
708 1009 965 1081 testamentum,
983 1021 1052 1066 non
1067 996 1127 1066 sd·

83 1109 189 1175 missis
208 1105 449 1199 signatoribus,
471 1108 535 1173 nisi
556 1107 713 1174 senatorii
730 1105 876 1190 ordinis,
896 1110 1015 1176 ceteris
1033 1123 1129 1178 extra

83 1219 214 1286 Curiam
229 1219 324 1309 signa
337 1215 614 1309 agnoscentibus,
629 1218 779 1285 recitavit
791 1240 852 1309 per
865 1215 1034 1287 libertum.
1050 1224 1129 1288 Tes-

83 1330 361 1397 tamentiinitium
373 1328 458 1396 luit:
477 1331 671 1415 iQnoniam
682 1325 836 1396 sinistrat
851 1333 999 1398 Fortuna
1009 1335 1129 1400 Caium

81 1459 114 1510 et
133 1443 275 1511 Lucium
294 1440 382 1509 lilios
402 1439 486 1508 mibi
507 1442 647 1534 eripuit,
671 1439 826 1509 Tiberius
848 1445 959 1537 Cteser
981 1443 1064 1511 mibi
1087 1469 1127 1512 ex

81 1570 174 1646 purte
188 1551 324 1621 dimidia
338 1569 374 1621 et
389 1568 541 1620 sextante
556 1550 655 1620 heres
672 1568 782 1622 esto.»
800 1557 874 1640 Quo
891 1569 925 1621 et
939 1556 1014 1646 ipso
1029 1571 1128 1623 aucta

81 1667 224 1757 suspicio
242 1679 294 1732 est
312 1664 541 1758 opinantium,
563 1685 791 1730 successorem
810 1665 953 1731 ascitum
973 1687 1052 1732 eum
1072 1689 1129 1733 ne·

80 1779 231 1844 cessitate
251 1777 374 1868 magis,
396 1797 497 1870 quam
515 1770 661 1866 jndicio,
683 1770 819 1869 quando
838 1776 885 1842 ita
904 1776 1037 1868 praefari
1057 1799 1127 1845 non
1232 1805 1233 1808 ¹

79 1883 290 1954 abstinuerit.

124 1997 243 2076 XXIV.
269 1994 513 2086 Principem,
537 1996 690 2087 quamvis
712 2018 824 2090 neque
844 2006 1024 2088 occupare¹
1049 2021 1128 2065 con·

79 2103 206 2187 lestim,
221 2128 333 2200 neque
348 2128 448 2196 agere
460 2095 665 2188 dubitasset,
680 2122 715 2173 et
729 2107 871 2174 statione
885 2105 1049 2188 militum,
1064 2105 1129 2177 boc

78 2232 143 2299 est,
160 2217 195 2283 vi
209 2233 243 2283 et
258 2217 369 2308 specie
384 2215 639 2300 dominationis,
655 2233 821 2300 assumta,
837 2217 895 2286 diu
908 2234 1022 2287 tamen
1036 2243 1128 2287 rent·

78 2327 163 2395 savit
182 2325 494 2419 impudentissimo²
514 2330 636 2411 mimo;
657 2351 750 2396 nunc
769 2325 986 2396 adhortantes
1002 2331 1127 2397 amicos
1159 2387 1168 2395 „

78 2573 169 2642 Goon,
187 2571 259 2628 duce
272 2575 420 2627 conaminis
435 2573 509 2628 lcilio
522 2576 583 2628 'l'ri-
627 2585 714 2643 tasset,
726 2575 868 2629 etc.'l'acit.
876 2573 970 2628 annal.
978 2577 1003 2642 1,
1014 2593 1045 2646 7:
1059 2573 1127 2628 nde-

76 2650 160 2704 buno.
170 2653 275 2706 Auctor
286 2655 353 2722 Dio,
365 2655 406 2721 x,
417 2655 460 2707 31.
474 2655 581 2724 Marcus
625 2655 718 2707 functo
731 2659 867 2726 Augusto,
879 2655 983 2727 signum
997 2658 1127 2726 pretoriis
1163 2710 1167 2718 ,

66 2733 161 2783 >Varro
178 2730 254 2805 apud
267 2730 335 2786 Geli.
349 2733 422 2800 xit,
438 2735 471 2800 ὓ,
489 2735 581 2785 uilem
625 2733 781 2786 cohortibus
798 2747 827 2786 ut
843 2737 989 2806 imperator
1001 2733 1134 2799 dederam·

77 2825 103 2864 et
116 2810 244 2865 Tribunis
256 2811 329 2884 pleb.
341 2813 453 2866 Senatus
464 2813 580 2867 habendi
625 2813 754 2880 excubie,
766 2831 853 2878 arma,
863 2825 949 2864 cetera
959 2812 1038 2874 aula,
1050 2813 1127 2866 mileo

71 2893 117 2962 jue
126 2907 191 2945 erat.
202 2915 215 2939 ι
228 2892 532 2946 Convocatia'l'ribnnie
541 2895 579 2966 pl.
624 2895 651 2944 in
664 2894 775 2957 Forum,
789 2892 865 2944 miles
878 2893 906 2943 in
919 2891 1027 2943 Curiam
1040 2895 1128 2944 corni-

75 2967 188 3024 Senetus
204 2971 324 3044 exempla
339 2985 400 3024 suut
416 2974 489 3046 apud
500 2976 580 3027 Dion.
625 2970 747 3034 tabatur3
763 2969 851 3023 literne
863 2969 897 3022 ed
909 2972 1054 3037 exercitus,
1066 2985 1126 3024 tan-

74 3051 148 3119 xli,
166 3051 217 3119 15,
231 3065 258 3104 et
268 3052 330 3116 LX,
344 3053 388 3117 16,
400 3053 435 3106 ad
447 3073 508 3106 ano.
521 3053 580 3124 795.
626 3068 705 3120 quarn
729 3049 827 3121 adepto
850 3051 1017 3122 principatu,
1039 3052 1128 3113 minin

76 3127 141 3180 Vide
165 3128 273 3182 Febris.
299 3128 333 3182 ad
356 3131 478 3184 eumdem
500 3133 579 3184 Dion.
625 3126 1126 3200 nusquamnunctubuudns,nisiquum

74 3207 148 3275 tvl,
163 3210 208 3280 47.
624 3209 651 3259 in
659 3207 756 3260 Senatu
765 3204 926 3278 loqueretur.
936 3229 947 3254 a
958 3208 1015 3259 Hoc
1023 3221 1062 3260 est
1069 3227 1127 3282 nqe-

110 3305 135 3340 π.
154 3287 339 3360 inclinatoque
350 3287 516 3342 allocutione.
530 3288 581 3341 Ad·
625 3305 665 3354 re,
686 3303 823 3351 exercere,
840 3286 1027 3357 principatum.
1047 3288 1126 3340 Conf.

73 3364 141 3419 dunt
149 3381 216 3420 vett.
227 3365 499 3438 edittdeliepublica,
509 3365 580 3437 quod
626 3367 692 3432 Dio,
705 3367 787 3430 LVll,
804 3383 828 3418 a.
840 3367 879 3417 De
893 3384 952 3418 voe.
964 3367 1058 3440 species
1067 3367 1127 3420 vide

73 3457 162 3510 onum
177 3465 210 3498 ex
225 3458 352 3518 sequente
366 3445 509 3517 derepente.
625 3443 661 3497 ad
669 3445 733 3496 Coes.
747 3461 790 3514 77.

108 3523 134 3578 3.
153 3521 269 3577 Iilnnon
281 3523 374 3575 deinde
384 3523 581 3596 Aupustitestn·
663 3541 688 3575 a.
714 3522 942 3595 impudentissimo
970 3524 1060 3576 mimo.
1088 3525 1128 3579 lta

73 3615 208 3668 mentum,
225 3617 277 3655 etc.
292 3603 369 3655 cont.
387 3602 422 3654 ad
435 3603 502 3674 Aug.
520 3621 579 3675 cap.
625 3601 775 3654 emendavit
785 3600 920 3671 vulgarem
930 3600 1072 3653 lectionem
1082 3604 1128 3655 im·

77 3697 136 3748 tot,
150 3695 178 3736 et
190 3681 269 3733 locos
279 3679 317 3731 ibi
326 3679 430 3732 allatos.
443 3682 496 3733 Per
507 3680 582 3734 iiber·
623 3679 1063 3753 pudentissimoanimoGronoviue,
1069 3702 1129 3754 prus

74 3771 137 3813 tunt.
148 3759 308 3834 Polybium,
321 3761 434 3831 Augusti
444 3759 580 3827 libertum,
626 3759 752 3812 bentibus
766 3759 872 3813 Dulrero
886 3758 921 3810 nd
937 3759 1008 3810 Flor.
1021 3763 1062 3826 ll,
1079 3762 1138 3829 14,

73 3841 119 3908 qni
140 3841 241 3910 partim
261 3851 448 3892 testamentum
468 3841 582 3911 scripse·
626 3841 773 3907 3‚Ernest.
783 3851 809 3892 et
819 3837 1000 3891 woltoadh.
1012 3838 1029 3891 Ι.
1040 3840 1129 3894 Sitta-

73 3931 128 3987 rat,
142 3921 269 3971 nominat
282 3918 339 3972 [io.
627 3918 729 3970 retbaec
737 3919 879 3988 scripturn,
887 3917 1128 3989 interpungendum

109 3999 135 4065 4.
154 3999 269 4052 Sinistn
280 3998 405 4051 Fortuna.
418 3999 447 4050 ln
460 3997 518 4051 aliis
531 3999 581 4050 Co·
627 4001 718 4054 saltem
729 4013 797 4068 esset
810 4018 870 4064 cunr
882 3999 1017 4071 plerisque
1030 4000 1090 4054 edd.
1102 4015 1130 4054 et

73 4075 200 4145 ilicibus,
213 4089 289 4138 amn
300 4077 424 4130 Fortuna.
626 4079 750 4132 Oudend.
763 4078 1131 4151 postsecuaaeit,jungenda-

108 4157 206 4210 xxw.
232 4175 253 4208 ι.
273 4157 398 4228 Quemvis
410 4173 493 4228 neque
507 4175 582 4210 occu-
628 4156 916 4229 queintpudcntistimo
929 4158 1071 4210 anima...
1087 4160 1130 4210 in·

70 4257 134 4308 pare
150 4238 308 4311 confestim,
325 4257 407 4311 neque
423 4255 499 4312 apere
510 4237 583 4290 ‹tutt-
628 4233 934 4310 aspernamenta
944 4235 1019 4290 daret
1028 4251 1130 4292 senten

169 4329 201 4394 Ι.
947 4329 989 4393 25
