3040 5118
371 562 436 642 sn
744 563 779 624 c.
806 558 1038 626 suurorur

369 711 518 782 pugnam
531 686 637 756 classe
651 689 890 770 committeret,
909 686 1137 754 deambulanti
1152 689 1187 753 in
1202 687 1297 755 litore
1310 691 1412 780 piscis

370 803 485 868 emari
496 797 645 880 exsiluit,
655 797 740 865 etad
749 798 853 892 pedes
862 795 977 890 jacuit.
992 797 1090 890 Apud
1101 796 1267 880 Actium⁶‚
1278 799 1412 868 descen-

370 912 462 980 denti
473 914 509 978 in
520 914 625 979 aciem
636 910 759 978 asellus
774 934 852 978 etim
865 912 1010 978 asinario
1024 913 1190 978 occurrit:
1204 911 1331 978 homini
1344 917 1412 978 Eu-

371 1021 507 1115 tychus,
521 1022 636 1090 bestiae
648 1024 754 1090 Nicon
769 1037 841 1090 erat
851 1045 987 1090 nomen.
1000 1025 1183 1116 Utriusque
1196 1022 1410 1113 simulam-um

371 1155 503 1200 aeueum
516 1135 621 1200 victor
637 1135 750 1224 posuit
767 1134 802 1200 in
818 1131 962 1225 templo,
978 1135 1014 1199 in
1031 1131 1122 1227 quod
1138 1149 1325 1201 castrorum
1338 1155 1412 1200 suo

371 1267 447 1310 rum
458 1242 572 1312 locum
585 1245 695 1310 vertit.
978 1283 985 1298 ·

416 1355 502 1420 XCV
504 1357 545 1420 ll.
570 1359 663 1422 Mors
675 1377 810 1449 quoque
822 1351 910 1448 ejus,
924 1353 966 1422 de
978 1376 1045 1448 qua
1059 1351 1182 1420 dehinc
1192 1350 1321 1434 dicam,
1335 1351 1414 1420 diii·

325 1527 328 1542 ,
370 1467 524 1559 nitasque
533 1483 610 1557 post
619 1481 779 1548 mortem,
793 1464 1048 1532 evidentissimis
1059 1467 1197 1534 ostentis
1209 1466 1413 1557 praecognita

370 1591 431 1642 cst.
447 1579 561 1661 Quum
574 1574 738 1642 lustrum¹
755 1577 789 1642 in
803 1599 922 1670 campo
937 1577 1058 1642 Martio
1077 1597 1198 1667 magna
1215 1572 1333 1666 populi
1346 1572 1412 1639 fre-

370 1686 507 1778 quentia
534 1685 715 1767 conderet,
741 1685 855 1780 aquila
883 1710 962 1754 eum
989 1688 1111 1778 saepius
1138 1682 1410 1768 circumvolavit;

370 1810 644 1891 transgressaque
652 1800 687 1864 in
694 1799 838 1866 vicinam
845 1797 1079 1890 aedem,super
1087 1797 1411 1887 nomen²dgrippae,

369 1905 412 1974 ad
423 1910 567 1998 primam
576 1907 722 1994 literam,
733 1909 836 1978 sedit:
847 1934 917 2006 quo
924 1909 1174 1992 animadverso,
1184 1923 1277 1990 vota,
1288 1931 1369 2002 quae
1378 1912 1412 1974 in

369 2021 561 2108 proximum
575 2020 718 2088 lustrum
734 2026 945 2116 suscipimus
959 2038 1025 2105 est,
1043 2018 1227 2114 collegam³
1241 2043 1344 2087 suum
1354 2023 1411 2087 Ti·

368 2127 499 2196 berium
512 2154 708 2223 nuncupare
723 2130 842 2225 jussit:
858 2159 937 2200 natu
956 2157 1007 2216 se,
1025 2128 1251 2228 quamquam⁴
1266 2132 1412 2198 conscri-

368 2233 435 2332 plis
461 2244 653 2337 paratisque
670 2241 741 2336 jam
760 2243 900 2327 tabulis,
926 2245 1060 2337 negavit
1079 2259 1316 2336 suscepturum
1336 2263 1412 2336 quae

368 2373 437 2419 non
453 2370 542 2420 esset
558 2353 741 2423 soluturus.
763 2357 830 2424 Sub
848 2355 938 2424 idem
956 2355 1106 2449 tempus⁵
1123 2356 1191 2421 ictu
1205 2351 1359 2420 fulminis
1372 2375 1410 2420 ex

368 2461 584 2556 inscriptione
594 2483 713 2560 statute
726 2465 800 2560 ejus
811 2471 919 2561 prima
931 2470 1074 2536 nominis
1087 2466 1183 2534 litera
1191 2462 1334 2532 effluxit
1348 2469 1411 2531 Re·

368 2596 531 2666 sponsum
543 2594 612 2662 est,
627 2597 762 2647 centum
774 2578 863 2648 solos
876 2579 947 2647 dies
958 2577 1099 2672 posthac
1110 2580 1294 2657 victurum,
1308 2599 1408 2670 quem

368 2763 433 2813 meri
453 2762 487 2815 ad
507 2764 588 2836 pedes
609 2769 666 2837 ejus
686 2765 795 2829 exsiliit3
813 2785 866 2838 quo
946 2766 1045 2819 xcvll.
1068 2781 1089 2815 t.
1105 2765 1189 2834 Quum
1200 2761 1411 2816 lustmm...con·

368 2857 522 2910 argumento
537 2859 608 2897 vates
621 2846 799 2917 respondere,
814 2847 866 2897 Ne·
910 2845 995 2906 deret,-
1010 2857 1040 2895 ut
1051 2843 1159 2895 Censor.
1173 2843 1300 2913 Apposite
1317 2840 1373 2894 Liv.
1384 2844 1411 2906 l,

367 2923 866 2995 ptunumpatremadoptantetumsibi
911 2923 945 2990 44
966 2945 972 2974 :
999 2922 1062 2975 «tbi
1085 2925 1242 2974 instructum
1265 2924 1411 2974 exercitum

249 3047 252 3054 ,
367 2997 445 3048 Sexto
457 3000 582 3072 Pompeio
597 3001 684 3070 (tanta
699 3017 754 3056 erat
766 3002 865 3056 navalis
910 3021 1016 3054 omnem
1041 2999 1261 3054 suovetaurilibus
1287 2997 1411 3053 lustravit

367 3076 404 3126 rei
421 3074 539 3149 gloria),
557 3079 606 3131 sub
624 3080 738 3152 pedibus
756 3083 864 3135 Caesaris
908 3080 996 3150 (Serv.
1016 3081 1152 3152 Tullius);
1172 3079 1253 3152 idque
1275 3078 1411 3130 condition
1513 3081 1514 3122 ἒ

367 3154 484 3221 futuros,
497 3159 541 3226 qui
553 3161 631 3211 maria
642 3173 760 3233 ternpore
770 3159 815 3213 illo
825 3175 864 3213 te·
910 3159 1018 3212 lustrum
1033 3159 1212 3232 appellatum,
1229 3160 1288 3233 quia
1304 3160 1333 3212 is
1347 3177 1411 3214 een·

367 3249 468 3286 nerent.
477 3259 488 3283 n
498 3237 634 3306 Ceterum,
644 3241 716 3311 quod
726 3245 761 3293 ait
769 3245 865 3295 Baum-
909 3239 991 3292 sendo
1001 3239 1059 3293 finit
1070 3241 1157 3291 lactus
1171 3252 1218 3291 est.
1230 3263 1240 3286 ι

366 3328 449 3388 gart,
468 3315 585 3371 dativum
603 3322 781 3376 deambulanti
798 3343 865 3396 pen·
945 3339 969 3373 ².
983 3321 1066 3392 Super
1075 3339 1170 3373 nomen
1181 3319 1321 3392 Aqn'ppoes'
1334 3323 1411 3391 ⁰⁰l¹¹⁸

367 3389 427 3447 dero
442 3395 475 3448 ab
487 3399 523 3450 ad
534 3398 611 3472 pedes
618 3403 720 3472 jacuit,
737 3423 752 3455 a
767 3404 864 3475 quibus
909 3417 1107 3454 monumentum
1135 3403 1161 3452 in
1189 3418 1283 3472 campo
1309 3399 1409 3454 Martio

367 3474 454 3528 verbis
465 3476 556 3530 durius
566 3481 700 3548 sejunctus
710 3483 756 3548 sit,
765 3484 864 3534 inserto
909 3494 1038 3533 memorat
1051 3482 1119 3545 Dio,
1131 3479 1196 3546 liv,
1210 3478 1251 3531 nd.

365 3555 545 3624 piscisemart'
556 3556 669 3620 exsiluit,
683 3561 733 3611 nisi
748 3561 864 3630 legamus
944 3561 969 3612 3.
1001 3559 1135 3631 Collepam
1159 3573 1236 3610 suum
1266 3557 1407 3610 Tiberium.
1512 3557 1514 3576 ¹

367 3631 560 3700 deambulante,
574 3635 629 3688 scil.
641 3653 684 3702 eo,
697 3635 747 3688 hoc
758 3641 863 3691 minime
908 3639 985 3691 Conf.
997 3637 1033 3691 ud
1044 3658 1103 3710 cap.
1118 3655 1159 3708 η.

366 3725 466 3763 tectum
482 3716 598 3784 opinor:
614 3714 726 3787 Aupusto
742 3717 863 3768 deamlu-
943 3719 967 3786 4
990 3719 1156 3789 Quamquam
1168 3717 1317 3788 conscriptis
1326 3737 1409 3789 pam-

367 3789 861 3866 luntlpt'sct'sensilultpropriavoxcrat,
907 3796 989 3869 titque
998 3800 1059 3869 jam
1079 3795 1177 3848 tabulis.
1198 3793 1324 3847 solebant
1338 3800 1409 3848 enim

367 3883 393 3920 et
404 3875 582 3942 apertissimus
594 3893 685 3928 sensus
698 3893 776 3927 omne
789 3893 863 3928 com·
907 3875 1009 3946 scriptis
1019 3873 1232 3944 subsignatisque
1242 3872 1338 3926 tabulis
1348 3888 1409 3926 rota

366 3963 483 4002 mentum
495 3951 617 4005 excludit.
908 3968 1029 4026 susceptu
1054 3955 1228 4020 confirmare,
1252 3967 1278 4004 et
1301 3953 1409 4008 tabulas

401 4027 426 4080 6.
439 4028 519 4101 Apud
527 4031 862 4098 Actium,etc.Couf.Plu·
906 4035 977 4106 ipsas
997 4051 1189 4104 nonnunquam
1202 4031 1319 4084 Deorum
1335 4035 1410 4104 geni·
1513 4041 1514 4094 Ϊ

366 4106 448 4157 tarch.
464 4111 563 4161 Anton.
577 4111 628 4176 65;
647 4115 742 4166 Zonar.
759 4115 800 4182 X,
818 4115 861 4168 30.
906 4115 964 4181 bus,
972 4113 1067 4185 quibus
1075 4127 1281 4180 voverunt,cera
1288 4113 1406 4184 affigere.

366 4214 402 4227 -
417 4188 456 4240 De
473 4191 569 4264 templo
585 4192 621 4244 ibi
638 4195 744 4248 condito
757 4195 815 4248 vide
829 4195 862 4248 ad
942 4194 967 4246 5.
986 4195 1039 4247 Sub
1053 4194 1120 4246 idem
1135 4205 1248 4264 tempus,
1261 4207 1310 4245 etc.
1326 4194 1406 4247 Conl.
1513 4253 1514 4256 Ἴ

367 4282 424 4336 rap.
442 4269 480 4319 18.
906 4274 970 4340 Dio,
983 4273 1054 4339 Lvl,
1068 4289 1107 4341 29.
1513 4285 1514 4298 ¹
