3026 5122
422 737 790 845 exeussus
884 731 899 776 ²

258 968 331 1044 AD
358 971 533 1052 VITAM
559 971 599 1048 C.
628 975 661 1048 J.
690 974 947 1056 CAESARIS.

87 1397 126 1483 ln
138 1422 338 1486 describenda
351 1427 385 1488 C.
400 1428 428 1486 J.
442 1429 569 1488 Goesaris
582 1429 663 1503 rita,
681 1431 745 1488 sive
760 1431 954 1513 propositam
970 1431 1029 1492 sibi
1043 1436 1126 1495 viam

88 1521 244 1600 ingressus,
259 1525 324 1584 sive
336 1523 423 1584 aliud
434 1523 512 1604 quid
526 1526 644 1606 ingenii
655 1523 785 1584 facultas
796 1541 963 1604 recusaret,
977 1528 1062 1610 quod
1074 1551 1128 1590 vo-
1204 1554 1207 1562 ’

87 1615 138 1678 luit
148 1634 199 1680 aut
209 1623 316 1705 potuit
327 1621 490 1682 Suetonius
503 1620 645 1681 officium
659 1622 794 1704 peregit:
807 1621 933 1704 publica
943 1625 1127 1706 privataque

87 1714 174 1793 faeta,
192 1739 298 1779 mores
314 1718 500 1799 habitusque
515 1717 620 1796 ducis,
639 1717 856 1778 memorabilia
870 1719 1013 1800 quaedam
1032 1720 1072 1781 ab
1089 1743 1127 1783 eo

87 1813 210 1893 prolata,
220 1837 270 1876 res
280 1815 414 1897 denique
424 1835 519 1897 quam
529 1817 661 1875 maxime
671 1815 865 1891 retinendas,
876 1818 939 1876 sive
950 1815 1052 1894 laudi,
1065 1819 1127 1878 sive
1226 1858 1229 1868 ·

87 1912 262 1977 detrimento
280 1917 374 1998 ipsius
390 1916 550 1976 memoriae
568 1901 700 1989 fuerint,
718 1915 911 1997 paucissimis
925 1915 1027 1977 verbis
1041 1937 1128 1978 com·

87 2010 236 2092 prehensas
257 2014 364 2075 lectori
378 2012 516 2095 subjicit,
534 2025 679 2074 narrator
695 2013 807 2089 modo,
828 2035 895 2074 non
912 2012 1023 2096 judex,
1037 2016 1128 2076 valde

87 2108 122 2168 ob
135 2109 163 2170 id
177 2113 281 2193 ipsum
296 2112 464 2194 placiturus
478 2113 531 2187 iis,
547 2114 601 2193 qui
614 2123 728 2195 praeter
740 2109 917 2172 historicam
932 2111 1027 2172 fidem
1046 2112 1127 2173 nihil

86 2205 120 2266 ab
140 2210 316 2270 auctoribus
338 2224 516 2292 exposcunt.
537 2210 595 2272 Sed
616 2231 685 2270 eam
707 2209 860 2270 scribendi
877 2209 1125 2288 festinationem,

86 2321 163 2382 quae,
175 2305 228 2365 ubi
239 2303 282 2366 de
296 2306 472 2367 minoribus
484 2318 645 2380 tractatur,
664 2307 824 2387 scriptoris
845 2319 981 2367 mentem
1002 2321 1126 2368 cautam

86 2401 191 2479 arguit,
205 2402 244 2462 ad
263 2401 382 2484 majora
397 2401 578 2462 translatam
594 2402 705 2462 vitium
721 2422 784 2462 esse
798 2405 926 2463 senserit
937 2404 1126 2485 quicumque

86 2494 168 2572 paulo
181 2499 335 2558 curiosior
351 2499 493 2573 animus,
511 2498 559 2558 vel
581 2519 618 2558 ax
636 2495 698 2558 hoc
715 2519 781 2558 uno
798 2498 836 2558 de
852 2500 969 2558 Caesare
987 2500 1125 2560 Suetonii

87 2589 179 2655 libello
187 2617 195 2669 ;
214 2597 247 2655 in
261 2617 327 2679 quo
342 2597 499 2658 nemiuem
513 2616 575 2656 esse
588 2617 673 2672 reor,
693 2597 748 2677 qui
762 2595 882 2655 dulium
896 2597 1045 2677 reperiat,
1064 2599 1124 2656 nisi

86 2691 161 2768 prius
170 2693 297 2755 edoctus
313 2695 354 2755 ad
369 2695 488 2756 librum
505 2695 670 2755 accesserit.
687 2693 818 2776 Ecquod
830 2706 933 2754 autem
945 2693 1030 2776 apud
1043 2708 1124 2755 vete-

86 2809 127 2848 res
138 2790 232 2873 majus
248 2793 429 2873 ingenium,
444 2792 576 2852 ubinam
591 2790 801 2874 splendidius,
816 2811 912 2873 quam
928 2790 1052 2850 Gcsaris
1065 2812 1123 2851 no·

87 2889 167 2949 rnen?
183 2892 211 2950 si
225 2890 318 2975 plura
331 2892 366 2951 in
380 2913 480 2952 unum
494 2889 659 2972 congerere
671 2891 783 2967 libeat,
797 2891 867 2973 quis
884 2909 1025 2971 unquam
1039 2889 1077 2950 de
1092 2911 1124 2952 sc

87 2997 126 3046 tot
138 2989 226 3050 simul
239 3003 270 3051 et
283 2989 470 3072 grandiora,
487 2991 550 3050 sive
562 2989 601 3050 ad
612 2987 773 3049 hominem
784 2990 911 3071 proprie
922 3001 1050 3070 spectes,
1061 2989 1124 3050 sive

85 3104 126 3145 res
134 3089 316 3172 perpendas,
329 3090 408 3148 inter
418 3110 493 3169 quas
503 3089 628 3164 vixerit,
642 3085 800 3148 narranda
811 3085 1039 3168 cogitandaque
1049 3090 1123 3148 scri·

85 3187 215 3253 bentibus
225 3191 373 3253 tradidit?
385 3193 499 3252 Unicus
510 3191 562 3252 ille
573 3192 653 3251 iuter
663 3210 770 3250 omnes
779 3189 898 3264 Julius3
911 3191 980 3271 qui,
994 3191 1124 3252 militari

85 3285 171 3366 gloria
182 3291 373 3372 peritissimis
382 3288 592 3370 adaquandus
602 3300 656 3347 aut
667 3277 890 3369 praeferendus,
900 3288 991 3367 copia
998 3309 1124 3369 quoque

85 3383 195 3448 dicendi
209 3390 290 3450 inter
303 3392 461 3470 magistros
477 3385 563 3447 haud
580 3388 681 3468 impar
698 3385 822 3461 assidet,
837 3399 872 3445 ut
888 3385 1004 3468 duplici
1019 3389 1123 3468 praesi·

85 3481 129 3542 dio
142 3484 234 3546 fretus
248 3487 415 3568 imperium
433 3485 577 3559 adortus,
595 3483 651 3543 ubi
669 3483 774 3564 gladio
789 3497 912 3543 tautum
927 3484 1051 3543 vincere
1066 3504 1122 3567 po-

85 3580 194 3659 tuisset,
211 3583 304 3643 armis
319 3596 350 3642 et
366 3583 541 3663 eloquentia
556 3582 679 3641 vincere
693 3580 831 3640 voluerit.
849 3581 1015 3640 Verissima
1033 3593 1121 3656 sunt,

85 3697 144 3756 quac
157 3679 194 3740 de
206 3680 261 3740 illo
276 3681 464 3762 pronunciat
477 3679 721 3752 Monrssoursu,
742 3677 898 3738 Grandeur
911 3691 938 3737 et
953 3675 1122 3738 De'cadence

85 3773 126 3832 des
139 3779 294 3852 Romaim,
311 3799 378 3860 cap.
397 3797 429 3836 ar
447 3799 455 3835 z
475 3801 488 3832 a
499 3778 550 3836 On
569 3775 654 3858 parle
672 3774 832 3856 beaucoup
845 3773 883 3833 de
900 3774 930 3832 la
945 3769 1070 3833 fortune
1083 3773 1122 3833 de
1180 3778 1183 3784 '

86 3871 181 3949 Gdsar3
197 3879 275 3936 mais
289 3892 335 3938 cet
353 3875 481 3936 homme
496 3875 737 3935 extraordinaire
755 3875 838 3932 avait
854 3887 921 3932 tant
935 3872 973 3930 de
990 3872 1121 3952 grandes

85 3971 215 4049 qualitas,
228 3994 298 4033 sans
310 3995 365 4056 pas
375 3995 420 4034 un
432 3972 551 4048 defaut,
563 3971 713 4054 quoiqu’il
725 3974 777 4030 crit
788 3970 862 4030 bien
874 3969 926 4029 des
938 3969 1033 4044 vices,
1046 3970 1121 4052 qu'il

84 4067 130 4124 erit
139 4065 182 4129 e'td
193 4069 265 4146 bien
277 4067 491 4151 difficileque,
508 4069 732 4151 quelqu’arme'e
744 4065 817 4147 qn’il
833 4071 884 4126 erit
900 4065 1119 4143 commendes,

85 4161 105 4218 il
120 4163 198 4226 n’eirt
214 4164 261 4228 dte'
281 4168 467 4249 vainqueur,
486 4180 516 4227 et
534 4169 623 4248 qu’en
641 4165 772 4246 quelque
789 4161 972 4246 re'publique
984 4163 1058 4243 qu’il
1071 4163 1119 4224 fut

86 4259 133 4334 ue',
146 4263 167 4322 il
181 4283 219 4324 ne
232 4264 303 4328 l’eut
316 4267 499 4344 gouveruee.
510 4289 524 4320 a
539 4264 579 4322 Et
591 4261 656 4324 haec
668 4259 793 4342 quidem
806 4259 843 4320 de
858 4261 975 4322 Caesare
990 4258 1060 4341 plus
1073 4260 1118 4320 di·
