3026 5122
404 527 465 607 164
771 527 809 590 C.
834 525 1069 592 SUETONll

397 655 604 736 exercuisse,
625 648 750 745 objicit.
760 653 921 720 Cassius⁷
938 650 1075 748 quidem
1092 657 1280 722 Parmensis
1296 654 1418 749 quadum

396 763 555 858 epistola,
569 785 638 830 nou
652 777 785 828 tuntum
797 776 836 828 ut
847 762 1002 854 pisturis,
1015 759 1074 830 sed
1089 764 1190 830 etism
1202 780 1242 830 ut
1254 763 1417 832 nummula·

394 876 435 940 rii
451 887 626 965 nepotem,
645 873 693 938 sic
709 884 801 937 taxat
816 875 1025 961 Augustum:
1048 871 1246 940 «Maternu⁸
1260 872 1317 940 tibi
1331 873 1418 940 farina

387 1007 435 1052 ex
454 981 654 1050 crudissimo
668 981 786 1048 Ariciae
805 982 967 1073 pistrino:
988 980 1076 1050 banc
1092 981 1190 1052 linxit
1203 983 1353 1052 menibus
1365 983 1418 1052 col-

392 1092 472 1186 lybo
484 1089 684 1158 decoloratis
696 1089 937 1158 Nerulonensis
949 1093 1147 1159 mensurius.
1160 1121 1175 1153 s

438 1209 478 1270 V.
494 1209 618 1270 Nutus¹
631 1218 683 1270 est
696 1207 883 1293 Augustus,
895 1206 943 1269 M.
955 1201 1241 1270 Tullio-Cicerone
1253 1221 1288 1271 et
1298 1207 1417 1272 Antonio

318 1369 324 1378 .
387 1313 613 1396 Consulibus,
635 1317 684 1380 lX
711 1309 879 1380 Kalendas
900 1312 1084 1398 Octobres,
1116 1314 1219 1407 paulo
1251 1334 1327 1382 unte
1354 1316 1416 1382 solis

382 1419 564 1507 esurium,
579 1427 715 1517 regione
733 1422 867 1507 Palatii,
879 1420 931 1491 ud
941 1426 1086 1516 'Cupitis'
1103 1423 1251 1508 bubula,
1271 1425 1328 1494 ubi
1345 1450 1418 1494 nunc

421 1631 449 1683 7.
471 1610 890 1682 Canius....1’annensis,·quiluis
925 1609 1066 1682 vquissiruu
1080 1610 1201 1683 Lugdun.
1222 1611 1287 1666 edis.
1306 1632 1322 1664 a
1336 1613 1417 1666 Cassu-

388 1710 420 1744 ex
432 1689 634 1763 percussoribus
645 1689 767 1756 Cesaris,
779 1705 891 1740 comme·
934 1689 1007 1743 bono
1017 1690 1123 1743 allatum
1133 1730 1141 1759 ‚
1150 1692 1338 1747 Nemorensisi.
1346 1713 1365 1746 e.
1373 1695 1409 1744 Ari

388 1784 507 1823 moratus
522 1769 555 1821 ab
569 1769 686 1839 Appian.
702 1767 766 1821 Bell.
778 1767 835 1820 civ.
849 1767 873 1818 ⁴V
881 1805 889 1832 ,
934 1767 1067 1839 cinus(ef.
1076 1770 1213 1824 adfusae.
1222 1771 1416 1845 46)‚uisiserruo

388 1871 412 1904 s.
428 1851 516 1918 ldem,
535 1870 558 1902 c.
580 1849 642 1920 139,
658 1868 719 1902 cum
732 1848 789 1902 sliis
802 1866 889 1900 eurus
927 1862 1003 1903 ¹osset
1013 1848 1047 1902 ds
1058 1869 1109 1902 avo
1121 1864 1247 1922 paterno,
1259 1853 1298 1904 ud
1307 1853 1417 1924 quodni-

385 1935 464 1986 Sexto
471 1931 598 2002 Pompeio
608 1929 642 1981 sd
649 1933 794 1982 Antonium
801 1942 889 1982 trans·
933 1947 978 1980 ror
991 1947 1046 1981 non
1061 1930 1205 1984 attendisse
1217 1931 1378 1986 doctissimos
1388 1933 1418 1982 si-

385 2013 447 2064 iisse
464 2012 553 2064 refert.
570 2008 638 2063 Vide
653 2009 800 2083 Glandorp.
812 2010 888 2062 Ono·
932 2027 992 2078 ros,
1002 2009 1419 2076 Perizonium,Ernestium,ll'ol·

385 2106 462 2144 must.
482 2113 509 2164 p.
523 2089 591 2155 ποῦς
609 2091 751 2146 Ruhnken.
770 2091 803 2144 ad
819 2091 885 2144 Vell.
932 2087 1003 2139 fium-
1015 2087 1123 2140 'Contra
1138 2108 1219 2160 quum
1237 2090 1364 2144 ruendum
1381 2107 1417 2141 seu

384 2172 423 2237 ll,
437 2170 481 2223 88.
494 2199 531 2210 -
543 2172 606 2224 Nou
619 2180 720 2224 munus
732 2182 761 2223 ue
769 2169 887 2241 pistoris,
931 2167 1026 2220 Neruii
1034 2169 1161 2241 oppidum
1170 2170 1418 2241 essetLucsniepro-

382 2249 454 2303 sed...
468 2247 644 2301 nummularii
655 2261 790 2321 nepotem
801 2251 886 2319 pisto·
931 2247 1087 2319 pe'l'hurios
1095 2249 1139 2319 (de
1149 2269 1202 2322 quo
1210 2247 1307 2303 Cellar.
1315 2249 1417 2322 p.908),

382 2329 419 2380 ris
434 2347 450 2380 a
466 2341 566 2393 matre,
582 2327 752 2380 nummularii
769 2327 786 2377 i.
803 2344 826 2378 e.
843 2346 887 2380 sr-
931 2329 991 2397 cui,
1004 2327 1077 2400 quod
1087 2329 1157 2401 opud
1169 2347 1216 2382 uos
1230 2331 1309 2382 eriam
1323 2327 1420 2381 nonnul·

382 2409 510 2480 gentarii,
523 2419 638 2478 epatre.
929 2405 963 2458 lis
982 2406 1117 2481 oppidulis
1133 2409 1254 2461 renidere
1270 2409 1353 2474 solet,
1366 2425 1420 2460 cou-

418 2487 443 2540 8.
455 2488 578 2538 Materne
587 2485 741 2558 libifasina,
750 2497 799 2538 etc.
810 2487 886 2558 luep-
929 2499 1027 2540 temtus
1036 2488 1131 2560 aliquis
1142 2501 1220 2560 utque
1229 2487 1370 2541 ludibrium
1381 2485 1419 2538 sd·

378 2561 437 2619 ¹turn
458 2566 583 2639 siquidem
604 2580 667 2638 post
681 2562 793 2637 farina,
809 2565 884 2637 quod
929 2563 1034 2619 baesisse
1052 2567 1176 2634 viderur,
1194 2569 1338 2637 acquiesco
1355 2567 1380 2617 iu
1395 2581 1419 2617 es

373 2643 457 2698 deest
475 2644 623 2710 inmulris,
644 2645 722 2696 omisi
740 2663 801 2696 cum
816 2645 883 2698 aliis.
929 2641 1062 2713 lectione,
1086 2657 1111 2696 er
1135 2643 1204 2697 sulse
1226 2643 1420 2696 [venatorem

380 2723 506 2776 Oudenrl.
520 2723 604 2776 edidit
615 2725 645 2778 si.
658 2723 743 2798 Magis
756 2723 820 2776 mibi
831 2723 886 2796 pla·
929 2719 1030 2774 dictum
1053 2740 1102 2794 pro
1120 2721 1241 2774 Thurino
1263 2734 1339 2792 puto.
1360 2719 1420 2770 Alio·

379 2815 438 2868 cet,
453 2802 526 2876 quod
537 2803 774 2875 conjicir‚scilieet.
789 2805 885 2855 Postea
928 2819 987 2852 rum
1006 2805 1191 2872 conjecturas,
1211 2803 1352 2852 mximam
1368 2817 1421 2870 pur·

381 2904 393 2927 ι
403 2879 581 2933 rudissimam
595 2883 756 2952 pistrinum·
773 2899 828 2933 non
842 2883 885 2932 in·
928 2891 982 2931 teus
995 2881 1114 2950 ineptus,
1128 2879 1188 2932 vide
1201 2879 1276 2951 apud
1290 2881 1418 2931 burmann.

378 2959 469 3029 telligo
482 2959 684 3012 recentissimum
694 2978 755 3012 cum
766 2961 884 3024 Gravia,
928 2971 954 3010 er
963 2956 1087 3010 Oudend.
1097 2987 1134 3000 -
1147 2956 1255 3030 Collybo
1266 2957 1420 3011 deeolumtis:

378 3056 432 3110 quo
452 3055 531 3089 seusu
549 3038 604 3089 fere
625 3036 679 3090 boc
694 3038 790 3092 vocab.
810 3037 882 3110 apud
926 3036 1041 3102 Gallice,
1061 3038 1170 3090 noireies
1181 3057 1233 3110 par
1245 3033 1421 3089 [babitudede

374 3113 498 3166 Tacitum
511 3115 640 3177 occurrit;
654 3115 700 3167 sed
713 3115 788 3182 mdc,
802 3113 881 3168 nullis
926 3117 1033 3170 toucber
1043 3118 1074 3168 cle
1087 3115 1204 3190 l’aryent.
1219 3119 1269 3169 En.

376 3191 495 3248 moribus
503 3193 646 3247 excultum.
654 3195 880 3266 Fsprobrutsuim
958 3195 991 3246 V.
1015 3211 1038 3246 1.
1056 3197 1142 3248 naus
1159 3207 1196 3248 est
1212 3193 1360 3268 Auqsrstus,
1378 3205 1420 3244 ete.

375 3272 880 3347 Augustugenusservileflbiugenuo·
924 3274 956 3326 Δ.
966 3275 999 3325 U.
1010 3275 1071 3344 691.
1082 3273 1148 3326 Vell.
1160 3275 1199 3341 11,
1211 3272 1246 3328 36
1257 3296 1265 3326 e
1282 3299 1294 3321 ι
1305 3274 1421 3326 Consuls-

375 3373 434 3406 rum
446 3351 576 3426 elegantis
590 3351 721 3419 slienum,
733 3353 821 3423 (Avus
836 3353 879 3408 ille
924 3355 963 3404 tui
975 3351 1110 3405 Ciceronis
1122 3373 1178 3406 non
1187 3353 1326 3407 mediocre
1334 3353 1422 3424 utljecit
1502 3363 1505 3428 l

374 3447 451 3500 runs,
464 3435 509 3506 qui
519 3436 683 3504 argentarius
695 3431 760 3497 furit,
772 3434 879 3504 pistoris
924 3429 1006 3486 decus
1017 3445 1096 3486 ustus
1108 3452 1141 3487 eo
1157 3453 1228 3488 suno
1244 3435 1330 3488 Divus
1341 3437 1422 3502 Augu-

372 3510 474 3582 ‘Aricini
487 3507 654 3561 filiam-duxit
666 3527 793 3577 uxorem,
808 3522 834 3560 er
847 3529 879 3563 ex
924 3523 996 3578 stus,
1012 3509 1110 3563 abbiuc
1123 3529 1206 3564 annos
1222 3527 1331 3578 mxu,
1346 3510 1422 3563 omui·

373 3607 404 3640 eu
412 3589 585 3640 larinausrus
593 3586 641 3638 tibi
648 3587 749 3657 pater).
758 3585 879 3660 Iruupud
918 3589 973 3642 bus
988 3593 1105 3642 omniurn
1117 3594 1235 3662 gentium
1247 3593 1313 3644 viris
1325 3591 1422 3661 magui·

371 3665 504 3731 Persium,
515 3663 571 3716 Sat.
586 3665 613 3724 12
628 3681 679 3732 9²,
694 3664 806 3715 numeris
817 3683 877 3717 cru-
920 3668 1013 3722 tudine
1023 3688 1071 3723 sua
1081 3671 1238 3724 inducturus
1252 3672 1419 3744 celigiuema

371 3743 409 3799 dis
416 3746 563 3817 opponitur
569 3743 645 3796 decor
651 3755 677 3796 et
675 3746 813 3816 junctura.
825 3747 875 3798 Pro
920 3749 960 3802 De
970 3749 1012 3801 die
1025 3755 1081 3822 ejus
1093 3753 1175 3804 natali
1185 3765 1362 3805 controverso
1369 3751 1423 3802 ride
1501 3745 1503 3810 ζ

363 3820 459 3895 finxit,
469 3821 643 3878 reddidissem
653 3838 668 3874 e
678 3821 814 3876 nonnullis
824 3825 876 3877 Co·
921 3846 978 3899 quse
993 3827 1111 3901 disputat
1125 3845 1152 3883 er
1166 3850 1233 3904 quos
1251 3830 1352 3884 laudnt
1365 3833 1422 3882 llus·

370 3901 475 3956 dicibus
499 3903 582 3975 pinsit
602 3901 642 3956 vel
665 3903 780 3974 pinsun,
803 3903 875 3976 quod
920 3925 1041 3959 mannus.

368 3980 615 4052 praeplacuitetisrn
631 3982 755 4035 Turrem.
772 3983 823 4033 nisi
838 3983 873 4037 ub
949 3999 979 4036 ¹2.
998 3986 1042 4037 Ad
1055 3986 1269 4062 §apitabubulcu
1287 3990 1336 4060 qui
1351 3988 1421 4040 locus
1500 3991 1502 4018 ⁴

367 4056 414 4110 illo
435 4071 516 4111 staret
537 4062 779 4131 antiquissimorum
798 4063 870 4115 MSS.
917 4078 973 4116 erut
987 4066 1014 4117 in
1027 4069 1135 4136 regione
1149 4085 1166 4119 x
1180 4065 1253 4118 urbis
1264 4067 1370 4120 Rome.
1382 4065 1419 4117 Cf.

368 4138 871 4206 succositas.rrorverulonensis,liben-
916 4143 1420 4217 Psnviu.Descripr.Urb.Rom.('l’bes.

364 4213 466 4266 tissime
479 4212 644 4290 admitterem
652 4213 794 4270 lectionem
802 4221 870 4270 euti·
914 4223 998 4274 Groev.
1013 4235 1076 4274 tom.
1093 4225 1142 4290 lll,
1158 4243 1183 4295 p.
1198 4221 1278 4294 3⁰4).

1500 3877 1502 3944 l

1499 4049 1501 4118 l

1499 4175 1501 4229 l
