3036 5128
480 581 517 644 u.
542 580 572 642 t.
598 579 769 646 ceste.
1106 605 1143 668 91

112 708 152 773 ita
164 701 340 796 predicat:
361 702 478 772 «Adeo
493 703 681 798 probantur
695 703 846 774 omniurn
857 702 1001 798 judicio,
1016 723 1054 773 ut
1068 731 1151 799 prae-

112 831 215 906 repta,
230 837 300 880 non
311 813 467 906 praebita,
483 813 625 884 esculus
638 814 857 907 scriptoribus
869 813 1032 884 videatur.
1046 815 1150 910 Cujus

111 942 215 993 tamen
227 928 275 993 rei
284 922 394 1018 major
402 941 534 1010 nostre,
545 951 649 1021 quam
659 925 868 1021 reliquorum
879 979 887 1008 ,
900 941 951 994 est
961 923 1147 995 admiratio.

110 1039 211 1104 Ceteri
231 1039 343 1121 enirn,
368 1061 469 1134 quarn
496 1039 583 1106 bene
603 1055 704 1134 atque
725 1037 921 1121 emendate,
945 1061 1007 1106 noe
1028 1040 1149 1119 etiarn,

111 1172 205 1241 quam
227 1148 325 1218 sacile'
343 1165 447 1246 atque
467 1151 618 1218 celeriter
638 1173 696 1218 eos
715 1152 965 1243 perscripserit,
985 1152 1146 1218 suenus.»

109 1257 226 1325 Pollio⁷
240 1261 390 1344 Asinius,
408 1285 530 1354 parum
544 1257 732 1352 diligenter,
750 1283 940 1354 parumque
953 1263 1083 1352 integra
1096 1285 1151 1328 ve-

110 1371 199 1437 ritate
214 1375 438 1464 compositos,
457 1387 570 1464 putet,
590 1395 698 1466 quum
715 1375 827 1439 Gaesar
845 1369 1005 1465 pleraque
1023 1385 1059 1438 et
1072 1395 1150 1467 quae

108 1505 163 1573 per
180 1481 266 1551 elios
284 1501 382 1552 erant
402 1502 495 1577 gesta
512 1501 637 1551 temere
655 1482 851 1566 crediderit,
871 1500 905 1552 et
920 1507 996 1578 quae
1017 1509 1078 1577 per
1094 1508 1148 1568 se,

108 1589 156 1658 vel
166 1592 339 1672 consulto,
352 1594 406 1662 vel
419 1599 520 1662 etiam
531 1597 693 1662 memorie
703 1594 837 1688 lapsus,
849 1617 1029 1686 perperam
1041 1593 1151 1662 edide-

108 1703 168 1770 rit:
191 1705 445 1800 existimatque,
469 1709 709 1798 rescripturum
729 1719 763 1772 et
782 1719 1012 1772 correcturum
1033 1704 1146 1774 fuisse.

108 1903 213 1958 arbitror
232 1909 351 1977 genitum
366 1909 397 1961 C.
410 1909 538 1962 Cesarem
556 1912 604 1964 Di·
647 1907 777 1961 Eumdem
784 1903 883 1960 ibidem
891 1901 1030 1975 iidc,not.
1039 1907 1064 1961 S.
1074 1907 1150 1962 Adde

106 1997 240 2040 ctatorem.
262 1988 320 2040 Nec
334 1988 458 2041 virtutem
477 2001 603 2043 coneten-
647 1989 821 2054 Mott'rttotut,
837 1987 1004 2058 antiquitatis
1022 1988 1150 2058 peritissi-

106 2063 215 2135 titmque
238 2083 312 2118 nunc
333 2082 530 2135 commemoro,
555 2065 606 2121 rrec'
648 2085 720 2118 mum
730 2065 862 2137 judicem,
876 2066 953 2135 cujus
966 2063 1024 2117 hac
1038 2077 1079 2118 eat
1092 2081 1151 2118 sen·

108 2139 290 2196 sublimitatem
315 2149 433 2198 omnium
458 2164 604 2217 capacem,
647 2145 907 2213 tenda,Essais,1I,
923 2161 972 2196 roz
988 2166 999 2190 ι
1014 2143 1151 2196 ...Cesar

107 2238 159 2291 que
173 2221 237 2274 celo
258 2224 447 2286 continenturt
470 2225 517 2278 sed
536 2245 603 2297 pro·

106 2300 312 2370 priumviqorent
319 2301 605 2376 celeritatemquequo-

107 2375 162 2428 dam
176 2381 237 2451 igne
254 2380 401 2434 volucrem.
421 2383 541 2437 Scribere
558 2398 604 2436 aut

105 2454 202 2526 legere,
216 2459 299 2515 simul
310 2459 409 2514 dictare
421 2476 447 2514 et
459 2463 551 2516 audire
562 2481 604 2516 so-

106 2533 174 2587 litum
195 2541 367 2612 accepimns3
392 2541 518 2612 epistolas
541 2561 603 2595 tero

105 2623 231 2668 tantarum
247 2635 337 2670 rerum
351 2632 493 2691 quaternas
505 2624 605 2694 pariter

105 2688 212 2750 librariis
222 2693 338 2764 dictare,
350 2710 410 2762 ent,
423 2701 445 2751 si
457 2699 520 2752 niltil
532 2700 603 2753 aliud

106 2786 202 2842 ageret,
215 2788 371 2846 septenas.»

138 2868 160 2915 7.
172 2851 266 2906 Pollio
274 2851 486 2927 Arieneopnrum
494 2856 604 2930 diliyeo-

106 2937 151 2994 ter,
163 2944 214 2981 etc.
235 2932 277 2982 De
293 2930 346 2983 boc
361 2932 489 2986 Pollionis
501 2937 603 3005 judicio

105 3008 171 3060 conl.
182 3010 283 3076 Etru,
293 3011 426 3064 Dictionn.
440 3013 498 3074 bist,
511 3025 537 3066 et
547 3014 604 3082 crt't,

104 3083 150 3136 snb
159 3105 216 3139 roc.
228 3089 320 3156 δέων,
330 3103 387 3142 not.
397 3091 434 3158 G,
444 3093 491 3162 qui
500 3095 538 3146 sic
547 3093 604 3164 ipse

104 3167 307 3219 commentarios
315 3169 380 3222 istos
388 3172 534 3222 examinat:
546 3173 604 3226 «Ge

107 3262 157 3296 nne
169 3260 230 3298 sont
240 3262 414 3319 proprement
427 3269 480 3321 que
491 3250 537 3304 des
549 3255 603 3305 md·

107 3325 228 3378 *mois-ee.
243 3327 289 3379 On
301 3347 317 3399 y
327 3337 421 3380 tooure
436 3348 489 3382 une
502 3328 603 3401 grande

106 3408 222 3460 rneuete
242 3405 280 3458 ‹le
299 3406 384 3480 style,
407 3421 433 3461 et
454 3422 542 3462 tontes
565 3408 603 3463 les

106 3479 233 3537 «beantes
263 3485 393 3557 negligdes
419 3487 501 3560 qu'un
527 3490 603 3560 genie

106 3563 192 3614 senui
206 3561 327 3617 beureua
339 3583 392 3637 que
406 3566 475 3619 celui
485 3565 519 3620 de
529 3564 603 3621 Jnles

106 3637 202 3692 «Cesar
215 3644 330 3713 pouvait
343 3639 474 3716 rc‘pandre
486 3644 552 3699 dent
566 3665 603 3699 un

106 3719 605 3796 ¹ouvragedeoettenature,qu'ilcom·

107 3802 212 3867 -pmait
223 3804 239 3852 d
252 3800 278 3853 la
289 3801 351 3854 heo
362 3817 388 3855 et
400 3822 461 3857 raas
472 3805 580 3857 artifice.
589 3801 603 3852 ι’

105 3875 135 3926 lit
144 3880 223 3948 paulo
237 3895 317 3952 post:
336 3906 348 3930 ι
357 3886 388 3936 Je
402 3885 527 3938 m'assure
542 3885 604 3959 qn’il

107 3973 140 4026 q
155 3975 172 4008 a
188 3976 244 4030 peu
262 3957 295 4011 de
316 3964 450 4031 pertisum
467 3963 501 4016 de
515 3962 604 4016 l’anti-

108 4035 198 4103 *quite
208 4054 285 4089 assez
294 4041 425 4108 prerenus
436 4060 507 4113 pour
517 4055 603 4095 sonte-

107 4113 168 4164 «nir
179 4131 232 4184 qne
246 4114 286 4168 les
300 4119 439 4171 memoires
453 4119 489 4172 da
504 4120 556 4173 duc
570 4119 603 4172 de

108 4190 160 4242 «La
184 4193 388 4248 llocbefoucaut
412 4215 445 4249 ne
471 4212 531 4250 sont
555 4217 602 4270 pus

108 4270 261 4326 mettano
280 4293 331 4345 que
351 4293 416 4327 ceux
436 4276 469 4328 de
489 4277 577 4330 Cesar.
589 4301 600 4323 υ

652 2223 887 2295 usingulierement
900 2241 942 2274 me
957 2222 1058 2277 semble
1071 2225 1150 2275 meri-

652 2316 713 2354 ·ter
728 2301 807 2374 qu'on
822 2301 957 2368 l’cstndie,
971 2320 1025 2353 non
1040 2321 1112 2374 pour
1126 2303 1150 2353 la

651 2403 663 2427 ι
673 2382 777 2433 science
793 2379 826 2431 de
845 2381 971 2433 l'histoire
987 2379 1150 2445 seulement,

650 2482 663 2506 r
673 2460 737 2511 mais
751 2477 821 2531 pour
836 2459 981 2512 lui-meame
1002 2482 1008 2511 :
1028 2471 1086 2511 taut
1101 2460 1120 2511 il
1136 2479 1150 2511 a

651 2540 706 2593 «de
718 2541 865 2610 perlection
878 2552 905 2591 et
915 2537 1091 2591 d'ercellence
1103 2557 1152 2609 par

651 2640 663 2664 ι
673 2616 765 2670 deasua
775 2630 847 2668 toute
857 2615 894 2668 les
905 2615 1016 2682 aulues,
1027 2633 1151 2687 ququue

651 2695 786 2749 «Salluste
797 2697 849 2746 soit
860 2693 896 2745 du
908 2691 1030 2744 nombre.
1045 2693 1151 2761 Certes,

651 2797 662 2822 a
672 2773 737 2827 ielis
748 2787 790 2825 cet
798 2785 906 2825 aucteur
914 2791 978 2824 avec
985 2790 1022 2823 nn
1029 2791 1082 2843 pen
1090 2772 1150 2844 plus

651 2877 663 2900 ι
673 2852 706 2904 de
717 2871 857 2906 reverante
871 2862 898 2902 et
910 2851 944 2903 de
958 2865 1063 2922 respect
1073 2851 1151 2924 qu'ou

652 2951 707 2984 «ne
718 2931 748 2984 lit
759 2931 796 2984 lea
807 2931 931 2983 hnmains
944 2948 1085 3002 ouvragee3
1097 2945 1152 2983 ten·

652 3034 663 3058 ι
674 3022 725 3064 tort
733 3011 757 3063 le
765 3009 935 3062 considerant
944 3008 990 3080 luy
997 3028 1095 3062 meame
1102 3027 1152 3084 par

652 3109 715 3143 uses
734 3092 837 3143 actions
856 3102 883 3140 et
900 3087 924 3139 le
943 3087 1050 3140 miracle
1069 3087 1103 3140 de
1123 3107 1152 3141 sa

652 3169 822 3238 «grandem,
845 3179 946 3221 tantost
967 3167 992 3220 la
1012 3169 1107 3240 purete
1126 3181 1152 3220 et

652 3269 663 3291 ι
673 3245 818 3300 inimitable
831 3245 964 3318 polissnre
977 3246 1010 3298 de
1027 3265 1077 3300 sou
1094 3247 1152 3300 lan-

651 3343 774 3397 rguage,
794 3328 839 3396 qui
852 3345 867 3377 a
882 3327 1008 3397 surpasse
1021 3345 1076 3378 non
1090 3343 1153 3377 teu·

652 3404 770 3457 tlemeut
781 3417 852 3459 touta
863 3405 902 3458 les
911 3405 1068 3474 historiens,
1081 3423 1152 3457 com-

652 3503 715 3536 ·me
729 3482 786 3536 dict
800 3486 908 3550 Cicero,
925 3487 991 3537 mnis
1008 3484 1152 3537 tt’adven-

651 3585 663 3609 ι
672 3575 730 3615 ture
738 3562 831 3615 Cicero
838 3581 950 3616 mesme:
961 3574 1152 3634 arecquestant

652 3664 663 3687 ι
673 3640 707 3694 de
713 3643 836 3695 sincerite'
842 3661 875 3694 en
881 3659 922 3694 aes
931 3643 1089 3713 ingements,
1093 3657 1152 3710 par·

652 3742 662 3765 ι
672 3719 729 3772 lant
736 3719 769 3772 de
779 3739 820 3774 ses
830 3721 961 3787 cauernis,
968 3739 1034 3792 que,
1044 3720 1106 3770 saul
1114 3717 1151 3769 les

652 3798 772 3851 «faulses
783 3799 907 3852 couleurs
918 3796 953 3849 de
965 3813 1036 3868 quoy
1049 3796 1068 3847 il
1080 3795 1152 3848 veuit

652 3899 663 3923 ι
672 3878 778 3930 courtir
787 3895 818 3930 ea
826 3878 960 3930 mauvaise
969 3893 1049 3927 cause
1057 3874 1151 3926 etl'or-

652 3981 662 4006 ι
672 3958 738 4012 dure
745 3957 779 4010 de
787 3978 816 4011 sa
825 3957 965 4029 pestilente
975 3956 1115 4020 ambitium
1126 3957 1151 4008 ie

652 4064 663 4086 ι
673 4057 755 4111 pense
766 4038 841 4111 qu'en
854 4037 910 4090 cela
919 4037 977 4090 teul
987 4057 1022 4090 on
1032 4057 1048 4112 ς
1060 4040 1150 4111 puisse

652 4145 663 4167 ι
674 4135 780 4172 trouver
792 4118 915 4186 findite,
926 4118 987 4190 qu’il
997 4139 1012 4172 a
1023 4121 1078 4172 estc'
1088 4134 1149 4188 trop

651 4223 662 4244 α
673 4201 861 4276 esparqnantd
879 4197 1015 4269 parler·de
1033 4201 1087 4260 soi,
1105 4217 1151 4248 cer

652 4302 662 4324 a
673 4292 726 4330 tunt
734 4271 882 4350 deprendes
891 4277 985 4332 choses
993 4298 1026 4331 ne
1034 4289 1150 4351 peurent
