3026 5122
390 535 554 602 ocmv.
581 535 842 603 auousrus.
928 523 930 532 '
1080 543 1140 630 173

104 664 170 729 sine
187 659 426 753 paludamento
447 681 604 754 equoque
621 675 699 752 post
719 657 862 726 biduum
883 659 1020 730 demum
1041 687 1143 757 appe-

104 777 221 842 ruisse:
250 776 420 870 sequenti,
446 773 525 840 satis
549 787 698 854 constat,
726 794 796 839 non
817 769 919 839 modo
944 771 1059 859 ducis,
1083 775 1143 843 sed

103 888 197 951 etiam
216 884 331 952 militis
352 884 508 950 functum
528 907 687 966 munere,
704 900 807 978 atque
824 885 859 950 in
879 883 990 952 media
1008 883 1144 954 dimica-

102 997 205 1077 tione,
219 993 397 1092 aquilifero
409 992 549 1084 legionis
560 991 585 1044 ¹⁴
601 1017 672 1061 suae
686 997 832 1086 graviter
847 997 977 1082 saucio,
995 995 1143 1091 aquilam

101 1103 246 1171 humeris
261 1104 408 1188 subisse,
424 1105 551 1199 diuque
561 1121 724 1197 portasse.

145 1219 199 1281 Xl.
214 1219 287 1282 Hoc
300 1213 390 1282 bello
405 1225 527 1310 quum¹
543 1217 671 1282 Hirtius
685 1218 720 1281 in
734 1217 821 1296 acie,
834 1219 942 1282 Pausa
955 1215 1144 1310 paulopost

101 1347 140 1392 ex
148 1325 287 1392 vulnere
299 1328 482 1418 perissent,
493 1347 609 1391 rumor
618 1324 818 1406 increbruit,
830 1324 947 1394 ambos
959 1351 1062 1419 opera
1071 1326 1143 1422 ejus

85 1489 88 1493 .
101 1438 222 1503 occisos
231 1488 240 1518 ,
249 1451 288 1502 ut
296 1488 304 1516 ,
312 1437 458 1504 Antonio
467 1435 597 1526 fugato,
608 1433 1001 1527 RepublicaConsulibus
1011 1437 1143 1519 orbate,

101 1545 324 1613 solus²victor
333 1561 401 1613 tres
412 1548 576 1613 exercitus
587 1561 776 1638 occuparet.
788 1550 904 1612 Pansae
914 1545 1051 1640 quidem
1059 1545 1145 1614 adeo

101 1674 252 1750 suspecta
274 1683 367 1727 mors
389 1657 471 1740 fuit,
497 1655 556 1726 ut³
579 1656 686 1751 Glyco
706 1656 857 1725 medicus
875 1656 1062 1725 custoditus
1081 1662 1144 1742 sit,
1227 1722 1230 1734 ,

100 1884 189 1940 agente
203 1873 357 1924 vicesimum
371 1871 513 1922 fortissime
529 1872 600 1922 circa
645 1871 708 1922 toris
718 1871 858 1935 invaserit,
868 1871 939 1922 cresis
949 1871 1033 1922 Hirtio
1043 1885 1068 1923 et
1078 1873 1145 1924 Pan-

100 1949 225 2002 blutinam
241 1950 453 2002 administratum
462 1961 518 2014 est,
530 1961 557 2000 et
566 1950 598 2000 D.
644 1968 674 2002 aa
687 1951 760 2021 (sive
778 1949 861 2004 hostis
878 1950 954 2018 illos,
973 1971 1018 2004 seu
1033 1955 1145 2005 Pansam

100 2028 187 2078 Brutus
201 2027 344 2080 obsidione
357 2026 500 2090 liberatus;
512 2029 598 2078 Anto·
643 2047 774 2080 venenum
786 2028 887 2080 vulneri
902 2031 1034 2095 affusum,
1047 2033 1088 2082 sui
1101 2034 1146 2082 mi·

100 2107 156 2156 nius
174 2109 247 2180 turpi
266 2124 298 2156 ac
317 2104 388 2156 nuda
406 2106 471 2176 fuga
490 2118 599 2158 coactus
644 2105 702 2158 lites
721 2107 850 2173 Hirtium,
870 2119 895 2160 et
911 2107 1078 2160 machinator
1091 2108 1146 2162 doli

100 2182 217 2237 deserere
230 2183 366 2237 ltaliam.»
643 2185 730 2238 Caesar
748 2186 925 2259 abstulerat),
945 2189 1082 2260 utriusque
1099 2208 1146 2242 co·

136 2267 172 2333 14.
192 2265 316 2340 Legionis
332 2282 391 2317 suoe.
414 2265 527 2318 Casaub.
550 2283 599 2317 no·
643 2264 701 2334 pias
716 2267 921 2336 occupavisse.»

99 2362 155 2396 men
168 2346 301 2416 legionis,
317 2359 347 2398 ut
361 2360 476 2417 quartae,
490 2347 532 2398 vel
546 2345 599 2398 tals
680 2359 705 2394 a.
723 2343 799 2396 Solus
812 2346 895 2396 victor
908 2355 956 2397 tres
970 2347 1093 2398 exercitus
1105 2366 1146 2398 oc-

99 2423 174 2494 quid,
190 2423 323 2478 excidisse
338 2438 424 2496 putat.
441 2426 536 2478 Melius
550 2428 599 2478 Er·
643 2432 755 2492 creparet.
770 2423 807 2474 lta
820 2421 891 2474 edidi
903 2441 963 2474 cum
977 2424 1100 2477 Oudend.
1115 2444 1146 2476 ex

81 2554 83 2558 ,
98 2514 160 2553 nest.
174 2497 367 2575 interpretatur
378 2520 429 2554 suoe
440 2521 488 2574 per
500 2525 510 2550 ι
521 2505 599 2555 unius
644 2518 698 2551 uno
713 2499 821 2552 Codice.
838 2502 998 2574 Eutropius,
1015 2503 1060 2574 qui
1078 2503 1146 2555 solet

99 2577 129 2631 de
140 2579 307 2650 legionibus,
321 2598 386 2652 quas
400 2580 523 2634 mercede
535 2601 601 2634 con·
644 2577 754 2631 reddere
762 2579 915 2630 Suetonium
923 2581 983 2645 ,Vll
990 2619 997 2648 ‚
1006 2597 1016 2630 r
1026 2602 1032 2630 ι
1044 2605 1055 2627 ι
1064 2601 1146 2654 quare

99 2657 523 2732 duxerat,quibusquepraeerat.n
535 2662 601 2712 For.
645 2668 698 2708 tres
720 2657 849 2724 exercitus
867 2659 914 2709 uni
932 2659 1028 2710 Ctesari
1048 2679 1147 2732 parue-

99 2749 162 2790 tasse
178 2735 257 2791 etiarn
277 2736 448 2808 intelligitur,
468 2756 525 2808 quas
543 2741 601 2810 Ap·
645 2749 735 2786 runt·
750 2735 929 2806 Vulgo,solus
938 2740 1045 2790 victores
1053 2743 1146 2794 exerci-

97 2817 164 2885 pion.
175 2819 229 2884 111,
242 2816 296 2882 66,
311 2831 534 2868 commemoratur
545 2817 601 2868 ltad-
645 2822 686 2866 tus
699 2825 848 2885 occuparet,
864 2834 914 2886 pro
927 2835 982 2887 quo
995 2820 1076 2870 victor
1088 2840 1146 2873 esse

101 2913 163 2963 repar
177 2895 307 2966 asparagis
321 2893 409 2962 reihe,
422 2894 463 2947 vel
478 2895 504 2948 ri
519 2894 600 2965 ’Apus'
644 2890 801 2962 legendum,
819 2911 910 2947 omnes
922 2897 978 2950 fere
991 2899 1146 2970 interpretes

97 2975 165 3034 qim„
177 2979 313 3045 omnino,
326 2994 491 3049 quaecunque
503 2995 533 3029 ea
544 2978 603 3029 fue.
645 2974 829 3036 consentiunt,
838 2992 919 3045 quum
928 2977 1017 3029 Pansse
1028 2977 1146 3050 legiones

98 3057 145 3124 rit,
163 3057 197 3110 de
216 3077 248 3110 ea
269 3071 311 3109 est
331 3054 508 3127 capiendum,
527 3056 601 3127 apud
644 3051 716 3105 fusas
729 3069 786 3104 esse
798 3066 913 3104 constet.

99 3152 173 3206 quam
185 3138 255 3190 forte
266 3137 465 3190 erutOetavius.
475 3136 601 3208 -Aqui-
680 3127 706 3181 3-
730 3129 765 3180 Ut
783 3127 867 3200 Glyco
880 3133 1005 3202 medicus,
1020 3147 1071 3188 etc.
1093 3139 1147 3192 De·

21 3247 25 3254 ,
98 3211 187 3268 lanu...
198 3217 298 3288 diuque
302 3227 427 3287 portasse.
438 3213 481 3266 Sic
491 3214 599 3279 Florus,
643 3207 802 3261 fenditeum
818 3211 1040 3284 Brutusinepist.
1056 3215 1090 3267 ad
1102 3218 1147 3269 Ci-

98 3292 138 3358 lV,
147 3293 178 3362 l,
187 3295 219 3348 5:
234 3296 326 3345 u'l'um
337 3293 445 3365 quidem
456 3294 535 3345 etium
544 3310 600 3343 mu·
645 3305 770 3340 seronem
784 3288 833 3359 (ad
848 3293 920 3342 Brut.
935 3291 968 3363 6)
981 3294 1017 3344 ita
1035 3315 1042 3345 ε
1064 3317 1074 3341 ι
1087 3296 1149 3348 Tibi

97 3389 131 3423 nu
144 3372 261 3445 pulcher
273 3373 415 3444 apparuit3
429 3389 490 3424 nam
506 3391 601 3424 cruen-
645 3363 784 3438 Glycona,
797 3366 929 3420 medicum
938 3371 1041 3438 Pamae,
1052 3375 1099 3443 qul
1109 3393 1148 3426 80·

97 3450 600 3522 tusetsauciusaquilam,amorienta
645 3463 732 3496 rorem
749 3444 883 3499 Achilleos
901 3451 985 3501 nostri
1006 3453 1033 3501 in
1055 3455 1148 3506 matri-

97 3531 220 3603 signifero
242 3529 390 3598 traditam,
411 3531 464 3582 suis
485 3527 600 3582 humeris
644 3527 735 3576 monio
750 3523 846 3591 habet,
860 3526 1057 3600 diligentissime
1074 3549 1148 3584 com·

97 3609 122 3661 iu
135 3623 222 3662 castra
238 3607 405 3661 referebat·
644 3602 752 3656 mendo.
768 3605 914 3673 Audimus,
930 3626 991 3658 eum
1001 3611 1103 3662 venisse
1120 3612 1148 3664 in
1190 3617 1193 3623 “

124 3689 173 3748 xl.
196 3708 218 3742 ι.
235 3691 324 3760 Quum
335 3685 449 3752 Hirtius,
463 3698 513 3740 etc.
532 3683 598 3739 Vell.
645 3685 824 3755 suspicionem
844 3687 982 3757 Torquato
1005 3685 1038 3740 de
1062 3704 1148 3742 morte

97 3765 113 3818 l.
133 3788 155 3821 e.
181 3767 355 3820 sConsulum
376 3778 465 3818 autem
487 3763 553 3816 alter
572 3765 600 3816 in
645 3761 753 3826 Panse,
781 3762 963 3836 custodirique
986 3778 1014 3816 ut
1037 3770 1148 3838 parrici-

98 3848 171 3914 acie,
192 3848 262 3901 alter
284 3860 347 3918 post
369 3863 470 3918 paucos
491 3843 547 3895 dies
569 3863 601 3896 ex
645 3839 726 3890 dam:
741 3839 1146 3900 nihilminuseredendumest:

97 3921 599 3978 vulneremortemobiit.=Pluraoonl.
646 3920 704 3991 quia
728 3920 797 3970 enim
822 3920 950 3986 majorem
970 3918 1147 3977 calamitatem

97 4005 165 4075 apud
183 4007 337 4077 Baumgart.
356 4031 393 4042 -
411 4003 553 4054 Rumorem
567 3999 601 4054 de
646 4012 731 4049 morte
741 4001 830 4050 Pansae
838 3999 961 4068 accepit?
972 4013 1098 4070 praterea
1108 4021 1147 4056 est

98 4081 194 4136 Gesare
209 4083 307 4135 mortis
326 4099 416 4135 eorum
434 4094 543 4134 auctore
557 4099 601 4133 ra·
646 4075 783 4127 modestus
795 4073 877 4126 homo
890 4089 916 4126 et
927 4077 1012 4147 frugi,
1023 4098 1102 4151 quem
1114 4103 1147 4135 ne

97 4163 147 4214 lert
154 4165 241 4216 Tacit.
252 4161 351 4214 Annal.
363 4163 389 4227 l,
400 4177 432 4213 to
444 4184 450 4213 ι
462 4183 473 4207 ι
483 4179 545 4212 mox
553 4159 601 4212 ubi
646 4155 744 4208 utilitas
755 4153 861 4226 quidem
870 4154 991 4210 rideatur
999 4161 1147 4234 impulsura

97 4237 203 4294 decreto
214 4245 327 4294 Patriam
337 4241 423 4292 fasces
435 4251 461 4292 et
472 4242 517 4310 jus
530 4241 600 4292 Prae-
645 4240 726 4291 fuisse
739 4237 773 4290 ad
784 4238 903 4305 facinus,
914 4252 964 4292 eto.
977 4263 988 4289 n
