2982 5116
378 537 444 604 208
754 517 789 598 c'.
817 533 1053 600 sunrouu

377 669 496 730 testate
519 657 695 752 multiplici
718 655 870 750 flagravit
892 656 1026 726 invidia.
1052 659 1137 724 Nam
1160 655 1212 724 et⁶
1232 661 1397 740 Pinarium,

376 773 532 868 Equitem
557 775 770 853 Romanum,
797 791 927 862 quum,
954 771 1174 838 concionante
1199 793 1255 853 se,
1278 770 1400 837 admissa

375 881 475 950 turba
500 902 731 974 paganorum,
758 877 850 988 apud
875 877 1016 962 milites,
1040 878 1248 948 subscribere
1271 877 1400 976 quadan

376 989 686 1072 animadvertisset,
700 991 871 1058 curiosum
882 1013 922 1058 ac
935 988 1180 1082 speculatorem
1192 1007 1296 1076 ratus,
1308 1014 1399 1058 coram

376 1099 509 1169 confodi
526 1101 722 1192 imperavit:
738 1116 772 1168 et
782 1099 928 1168 Tedium
941 1100 1076 1186 Afrum,
1089 1101 1269 1170 Consulem
1279 1099 1400 1194 designa·

376 1230 464 1294 tum,
480 1215 557 1307 quia
571 1211 697 1281 factum
714 1209 887 1307 quoddam
904 1235 1003 1280 suum
1020 1213 1169 1307 maligno
1188 1237 1334 1282 sermone
1349 1236 1400 1280 oar

376 1325 516 1416 psisset,
529 1327 630 1392 tantis
642 1324 826 1391 conterruit
836 1325 936 1391 minis
946 1376 955 1406 ,
967 1341 1006 1392 ut
1018 1325 1046 1392 is
1059 1349 1095 1392 se
1106 1325 1358 1417 praecipitaverit
1369 1325 1399 1387 Et

376 1439 417 1522 Q.
442 1433 609 1518 Gallium,
628 1439 829 1516 Praetorem,
850 1437 906 1504 iu⁷
927 1435 1037 1503 officio
1058 1435 1266 1505 salutationis
1287 1432 1399 1502 tabellas

377 1545 530 1638 duplices
543 1562 635 1614 veste
649 1561 754 1613 tectas
767 1561 953 1632 tenentem,
970 1549 1159 1639 suspicatus
1175 1543 1317 1640 gladium
1327 1565 1399 1611 occu·

375 1657 463 1741 lere,
484 1659 745 1753 necquicquam
764 1661 894 1740 statim,
912 1681 955 1727 ne
974 1656 1068 1725 aliud
1086 1660 1302 1740 inveniretur,
1318 1676 1398 1722 ausus

375 1771 561 1864 inquirere,
575 1768 678 1861 paulo
690 1784 768 1862 post
778 1790 840 1862 per
850 1769 1070 1836 Centuriones
1082 1783 1116 1836 et
1129 1768 1251 1835 milites
1262 1780 1399 1859 raptune

376 1877 554 1960 tribunali,
574 1877 731 1946 servilem
753 1879 789 1945 in
809 1877 950 1947 modum
967 1882 1082 1962 torsit;
1103 1903 1144 1946 ac
1166 1879 1321 1947 fatentem
1336 1871 1399 1941 nihl

374 1983 474 2082 jussit
487 1989 612 2074 occidi,
630 1989 742 2085 prius⁸
756 1991 864 2064 oculis
883 1989 956 2084 ejus
974 2015 1035 2059 sua
1050 2017 1153 2088 manu
1165 1991 1309 2059 effossis:
1320 2007 1400 2082 quent

410 2177 436 2229 6.
456 2177 603 2232 Pinarium.
622 2179 651 2231 L.
671 2181 789 2234 Pinarius
803 2177 879 2234 heres
923 2179 1134 2252 incompositis,
1150 2192 1180 2232 ut
1194 2179 1276 2232 Graev.
1289 2169 1400 2230 tellite

375 2259 427 2310 fuit
437 2258 544 2312 Ceteris
555 2277 616 2311 cum
623 2262 748 2320 Octavi03
759 2261 822 2313 Gna.
834 2259 877 2315 83.
922 2263 1010 2314 flurin.
1028 2260 1060 2314 ad
1077 2261 1103 2314 b.
1116 2259 1133 2310 l.
1146 2273 1173 2312 et
1185 2261 1285 2312 Ernest.
1298 2255 1328 2309 ad
1336 2253 1399 2306 'lacit

374 2337 441 2388 Eum
451 2335 477 2387 b.
489 2336 506 2389 l.
517 2337 640 2410 intelligit
649 2339 772 2390 Bernecc.
783 2336 835 2390 Sed
845 2337 878 2390 etl
923 2341 1010 2409 Agric.
1024 2337 1071 2406 45,
1086 2338 1148 2391 ubi:
1164 2358 1249 2412 quum
1261 2333 1355 2407 sopitis
1365 2349 1399 2382 nt·

375 2415 522 2487 augendam
540 2416 668 2478 facinoris
682 2416 794 2486 Augusti
810 2418 880 2469 invi·
923 2425 974 2468 stru
987 2417 1210 2470 miseribereatur.

374 2494 460 2562 dium,
471 2494 629 2556 coheredem
642 2499 698 2566 ejus
710 2495 820 2562 diserte,
829 2514 879 2566 pu·
959 2511 983 2566 7.
1002 2496 1036 2546 In
1050 2493 1140 2568 officio
1154 2494 1328 2555 satntationtn
1338 2505 1401 2564 quum

374 2586 416 2640 to,
436 2586 530 2627 auctor
548 2572 671 2640 dixisset,
686 2587 716 2625 ut
730 2587 807 2626 antea
826 2573 876 2627 «e.
923 2572 957 2628 sd
978 2573 1149 2628 salutandum
1171 2593 1234 2628 eum
1253 2576 1362 2626 venisset.
1376 2597 1402 2611 -

373 2657 517 2706 Toranium
532 2666 646 2706 tutorem
663 2671 772 2706 sumn.-
789 2656 878 2723 Quum
925 2652 1044 2706 Tabellas
1055 2653 1171 2726 duplices
1178 2675 1189 2716 ‚·
1204 2656 1240 2706 ita
1254 2651 1332 2704 dictas
1346 2668 1358 2701 t
1371 2649 1402 2699 to

374 2735 480 2786 nonnisi
496 2735 617 2808 Equitem
629 2735 776 2785 Romanum
789 2734 879 2806 appel·
923 2731 1018 2784 liorum
1041 2750 1164 2784 numero.
1188 2732 1270 2785 Confi·
1291 2729 1323 2783 ad
1341 2723 1401 2781 oud.

374 2811 424 2879 let,
435 2813 509 2866 nullo
520 2814 574 2866 elio
584 2817 691 2868 nomine
701 2816 809 2886 insignis
817 2817 879 2869 luis·
922 2811 1014 2863 Amor·
1035 2813 1059 2877 l,
1076 2828 1120 2877 ¹²,
1142 2829 1190 2882 ²7,
1211 2823 1275 2863 tom·
1290 2811 1325 2874 ll,
1343 2826 1366 2878 P·
1377 2801 1402 2863 5⁸

375 2893 525 2947 sevidetur.
536 2895 677 2962 Ceterum,
685 2895 878 2966 junqeconrio·
921 2890 989 2944 Edit.
1011 2891 1091 2963 hujus
1113 2907 1220 2947 nostrae.
1238 2923 1274 2935 -
1290 2893 1328 2944 Ne
1345 2883 1403 2940 aliud

373 2973 877 3044 mntexupudmilites.SensustQuuut
922 2974 1088 3026 inveniretur.
1113 2977 1199 3027 Miror
1218 2975 1341 3027 Reitzium
1356 2985 1402 3021 seu·

373 3052 400 3102 in
415 3053 546 3103 concione
559 3051 664 3104 militari
683 3055 761 3106 ctiam
780 3057 877 3126 pagani
922 3070 953 3103 su
967 3051 1094 3106 obscoeno
1108 3051 1161 3105 hoc
1176 3053 1346 3116 intellexisse,
1359 3045 1403 3098 col-

374 3128 479 3183 admissi
493 3145 596 3198 essent,
613 3145 640 3183 et
658 3133 790 3186 Pinarium
809 3136 878 3187 inter
922 3130 976 3184 lato
1000 3133 1096 3186 lustin.
1121 3133 1272 3200 XXXVIII,
1295 3150 1315 3186 t.
1338 3131 1403 3182 luno

374 3227 420 3261 eos
442 3208 563 3281 quedem
586 3211 795 3266 subscribentem
819 3215 877 3266 ani·
923 3213 1018 3265 sevitia
1027 3213 1140 3283 Augusti
1150 3227 1269 3279 notatur,
1278 3215 1404 3286 quaqua

373 3289 572 3356 madvertisset,
586 3303 636 3342 etc.
651 3321 687 3332 -
701 3293 817 3368 Pegasi,
836 3306 878 3344 to·
923 3291 1055 3344 sublatum
1067 3306 1191 3365 cuperet,
1206 3312 1241 3345 ne
1253 3292 1321 3344 lacta
1333 3287 1403 3360 inqui·

372 3372 440 3441 goti,
454 3384 629 3442 opponuntur
642 3372 778 3438 militibus,
797 3387 877 3446 etque
922 3375 1018 3424 sitione
1041 3375 1171 3424 mucosus
1194 3373 1362 3445 reperiretur,
1380 3366 1404 3416 ti·

373 3448 436 3502 iude
457 3449 601 3501 Christiani
618 3468 739 3521 paganos
758 3451 877 3522 appelln-
922 3450 1021 3503 ruebat.

372 3541 449 3596 runt,
460 3529 506 3600 qui
518 3527 615 3579 milities
623 3528 720 3581 Christi
727 3547 782 3582 non
791 3544 877 3584 essent
959 3531 983 3582 8.
1003 3529 1080 3582 Prius
1089 3528 1171 3584 oculis
1179 3531 1287 3602 ty'msua
1297 3522 1405 3595 manusf-

373 3607 506 3678 adscn'pti.
517 3609 556 3660 lta
569 3621 663 3678 prester
673 3607 739 3660 elios
751 3607 804 3660 boc
813 3627 878 3681 qen·
917 3608 1002 3680 foui.
1017 3609 1194 3661 Atrocistimoe
1210 3609 1319 3662 feritatis
1334 3619 1405 3656 erem·

372 3685 457 3738 tilium
478 3705 575 3738 nomen
596 3705 627 3738 ex
648 3688 707 3758 ipso
727 3689 876 3742 Latinitatis
921 3688 995 3759 plum
1003 3687 1287 3759 Sullapriusdederst,
1298 3687 1339 3759 qui
1347 3677 1405 3755 apul

371 3769 472 3836 gremio
487 3764 692 3838 explicante.
707 3766 836 3832 Wolfius,
848 3769 875 3818 in
922 3766 1006 3818 Valer.
1022 3767 1091 3818 star.
1109 3767 1159 3832 tx,
1175 3785 1205 3835 s,
1220 3784 1243 3832 t,
1258 3769 1296 3820 ut.
1309 3765 1405 3819 uanum

372 3845 445 3916 Disp.
468 3845 500 3898 de
522 3845 663 3898 Latinitate
680 3844 825 3900 ecclesiast.
848 3847 876 3898 in
924 3865 1000 3899 «non
1022 3849 1095 3919 prins
1117 3849 1171 3899 vita
1191 3850 1321 3920 privarit,
1340 3859 1406 3917 quen

372 3922 471 3976 C⁰dl⁰⁶
488 3918 692 3993 Thl⁰d⁰⁸l³¹²⁰i
710 3924 781 3996 [ips.
799 3929 874 3994 Ι774·
921 3925 1014 3978 oculos
1028 3926 1139 3978 infelicis
1151 3939 1262 3980 erueret.
1275 3949 1285 3973 ι
1299 3923 1407 3976 *Hein-

372 4001 444 4054 Alias
453 4005 586 4056 recensuit
598 4001 631 4055 de
642 4002 736 4056 eodem
747 4021 807 4056 voc.
818 4021 874 4056 sen·
921 4006 975 4058 sius
990 4003 1019 4056 b.
1035 4003 1053 4056 l.
1066 4003 1216 4056 emendetit
1231 4003 1334 4076 efficis,
1347 3995 1407 4072 quod

372 4083 466 4134 tentius
477 4081 637 4136 Schroeckb.
646 4085 713 4138 Ilist.
724 4081 875 4136 Ecclesiam.
920 4084 1045 4158 probavit
1056 4083 1179 4138 Oudeud
1192 4087 1230 4137 Itu
1240 4082 1309 4136 vett.
1323 4085 1356 4147 II,
1367 4079 1407 4142 52,

372 4173 436 4212 torn.
450 4161 509 4226 vu,
527 4181 556 4231 p.
577 4165 636 4216 223.
650 4193 687 4204 -
701 4163 875 4225 subeam,-
923 4164 1120 4236 «effossumque
1132 4164 1243 4218 atterum
1253 4163 1360 4214 Romani
1369 4163 1407 4210 in·

372 4238 441 4290 clam
455 4251 563 4306 uotnre,
579 4258 658 4311 quem
671 4244 724 4294 vim
736 4243 781 4296 sub
792 4239 875 4297 babet
921 4241 987 4313 perii
1005 4241 1109 4308 lumen,
1120 4263 1132 4287 s
1147 4240 1194 4294 ubi
1206 4244 1279 4294 lunt.
1296 4239 1405 4312 effusum·
