3036 5128
354 557 396 621 50
722 553 758 615 C.
784 549 1016 617 SUETONH

351 701 517 775 nutusque
527 676 681 744 cohortes
690 675 733 743 nd
745 675 973 743 ⁷Rubiconem
985 675 1128 760 flumen,
1142 681 1198 772 qui
1210 679 1390 771 provincias

350 793 424 887 ejus
439 791 516 860 finis
530 805 616 874 emt,
635 787 777 880 paulum
791 790 952 874 constitit,
972 813 1011 857 ac
1030 803 1206 882 reputans,
1225 807 1390 883 quantum

349 906 536 986 moliretur,
560 898 762 969 conversus⁸
783 897 825 966 ad
846 901 1032 992 proximos,
1056 904 1188 968 «Etiam
1209 925 1318 984 nunc,
1342 905 1392 968 in-

350 1020 440 1113 quit,
459 1009 591 1105 regredi
611 1033 813 1104 possumus:
834 1009 926 1104 quod
947 1012 974 1079 si
994 1009 1205 1104 ponticulum
1224 1013 1392 1078 transieri-

348 1149 441 1209 mus,
454 1124 567 1191 omnia
577 1123 678 1189 armis
690 1119 820 1214 agenda
832 1136 940 1188 erunt.
957 1151 970 1182 a

395 1237 529 1302 xxxll.
555 1233 731 1301 Cunctanti
750 1247 918 1298 ostentum
934 1230 1001 1298 tale
1019 1230 1145 1297 factum
1164 1245 1225 1296 est.
1245 1227 1391 1316 Quidam

346 1348 468 1414 eximia
478 1342 708 1438 magnitudine
722 1361 755 1411 et
767 1343 875 1411 forma
888 1344 923 1410 in
937 1344 1089 1435 proximo
1104 1341 1240 1425 sedens,
1253 1358 1391 1435 repente

347 1460 522 1552 apparuit,
541 1457 707 1525 arundine
725 1479 869 1524 canens:
887 1453 931 1523 ad
948 1479 1049 1552 quern
1063 1451 1270 1523 audiendum
1285 1477 1389 1550 quum

346 1587 469 1662 praeter
482 1583 633 1660 pastores
647 1565 784 1659 plurimi
798 1568 897 1634 ctiam
911 1589 953 1634 ex
967 1563 1164 1633 stationibus
1178 1563 1301 1632 milites
1313 1583 1391 1632 con·

347 1681 545 1760 currissent,
561 1680 714 1770 interque
728 1701 785 1744 cos
800 1693 834 1744 ct
845 1693 1047 1759 aeneatores,
1061 1693 1158 1769 rapta
1170 1675 1212 1743 ab
1226 1699 1297 1742 uno
1311 1674 1390 1743 tuba

347 1789 501 1882 prosiluit
512 1785 554 1852 ad
567 1785 712 1868 flumen,
735 1804 769 1853 et
781 1789 908 1878 ingenti
921 1789 1040 1879 spiritu
1056 1785 1234 1853 classicum
1250 1807 1389 1854 exorsus

345 1895 515 1990 pertendit
524 1892 567 1960 ad
579 1893 718 1962 alteram
730 1898 849 1986 ripam.
861 1901 959 1962 Tunc
971 1899 1093 1978 Caesar,
1111 1897 1250 1976 «Eatur,
1265 1896 1388 1988 inquit,

344 2031 413 2102 quo
424 2011 572 2072 Deorum
583 2018 714 2070 ostenta
723 2021 756 2071 et
766 2007 977 2072 inimicorum
990 2006 1146 2099 iniquitas
1158 2018 1264 2072 vocat.
1279 2008 1387 2070 Jacta¹

344 2117 417 2184 alea
431 2131 517 2197 esto,
531 2145 544 2174 υ
563 2115 719 2210 (inquit.)

392 2230 542 2296 XXXIII.
568 2231 678 2320 Atque
700 2228 744 2294 ita
764 2224 901 2319 trajecto
924 2228 1092 2308 exercitu,
1118 2223 1291 2292 adhibitis¹
1319 2211 1409 2292 Tri!

379 2452 403 2506 7.
423 2433 467 2486 Ad
479 2432 633 2486 Rubiconem
638 2433 752 2510 flamm.
766 2431 842 2485 Conf.
889 2431 988 2483 nemini
999 2427 1147 2501 obtrutio),
1161 2441 1187 2481 et
1196 2428 1391 2502 propteriocos

345 2513 478 2566 Plutarch.
494 2513 557 2565 Caes.
575 2525 616 2563 πο.
889 2509 1043 2582 parallelos,
1060 2511 1105 2582 qui
1120 2511 1146 2560 in
1162 2528 1194 2561 eo
1209 2509 1389 2561 consentiunt.

379 2595 404 2647 8,
426 2595 562 2645 Conversus
573 2591 608 2642 ad
616 2591 755 2664 proximos.
769 2589 844 2658 Fuit,
888 2592 928 2646 Cf.
948 2609 1005 2661 qun
1023 2591 1113 2643 Grcca
1130 2588 1221 2641 laudat
1240 2591 1389 2663 Baumgart.

343 2687 410 2726 testo
421 2669 576 2736 Plutarcho,
591 2672 661 2722 inter
673 2671 772 2720 anticos
784 2668 843 2722 iilos
888 2673 927 2724 Ita
937 2673 1014 2722 etiam
1024 2673 1128 2722 Patron.
1140 2667 1172 2722 de
1183 2668 1248 2722 Bell.
1261 2669 1318 2720 Civ.
1329 2667 1389 2738 174:

342 2755 448 2803 Asinius
461 2748 560 2816 Poiiin,
572 2749 648 2817 cujus
657 2745 770 2798 historias
782 2765 844 2818 pro·
891 2745 1005 2801 «jndice
1022 2750 1141 2800 Fortuna
1157 2747 1232 2798 cadat
1249 2744 1339 2797 alem·
1356 2775 1390 2785 -

343 2828 387 2883 cnl
396 2829 479 2882 dubio
488 2829 545 2880 hac
555 2827 644 2878 omnia
655 2841 757 2878 servata
766 2827 843 2880 nobis
889 2827 989 2898 Inquit.
1000 2827 1136 2896 Frequens
1149 2823 1255 2898 quidem
1266 2839 1307 2876 est
1320 2843 1390 2896 repe

344 2907 479 2960 debemus.
499 2905 584 2956 Cusar
602 2907 670 2956 enim
690 2905 843 2958 brevissime
888 2907 946 2957 titio
960 2903 1032 2956 verbi
1050 2904 1093 2970 ἶφι
1113 2903 1185 2976 apud
1199 2905 1323 2966 cronon
1344 2901 1390 2956 sed

344 2987 407 3039 nott.
422 2985 476 3038 (Ην.
490 2984 518 3050 i,
533 2985 548 3035 8
563 3005 569 3035 ι
587 3005 597 3030 s
608 2985 713 3054 cognita
730 2983 842 3035 militum
887 2985 914 3037 h.
925 2985 942 3037 Ι.
955 2985 1021 3038 adeo
1031 2987 1107 3055 friget
1118 2987 1258 3056 repetitum
1268 2984 1341 3036 istud
1352 2986 1392 3036 in·

342 3066 492 3129 voluntate,
510 3062 656 3114 Ariminum
673 3079 734 3114 cunr
754 3081 785 3114 ea
803 3062 843 3114 le·
886 3067 956 3140 quit,
968 3079 997 3119 ut
1008 3067 1129 3118 omittere
1139 3064 1246 3137 quidem
1258 3083 1320 3116 cum
1334 3065 1390 3116 aliis

342 3145 421 3214 gione
434 3139 626 3212 proficiscitur,
643 3140 733 3212 ibique
746 3142 842 3193 Tribu·
887 3163 966 3196 ausus
977 3163 1030 3196 non
1042 3143 1153 3211 fuerim,
1166 3147 1242 3197 uncis
1252 3158 1342 3197 tamen
1354 3145 1390 3196 in·

344 3239 393 3274 nos
407 3219 509 3292 piebis,
527 3219 571 3289 qui
585 3216 620 3268 nrl
638 3235 697 3269 eum
715 3219 842 3289 confuge·
887 3221 1017 3275 cluserim.
1032 3219 1137 3274 Mulier.
1153 3225 1180 3274 in
1194 3223 1307 3276 Observ.
1323 3226 1391 3290 suis,

343 3314 416 3367 rant,
424 3295 679 3367 convenit;reiiqnas
685 3296 803 3368 legiones
811 3315 841 3349 ex
885 3303 980 3369 verba,
990 3301 1103 3353 ulatur.
1115 3341 1121 3353 .
1132 3341 1137 3353 .
1151 3313 1237 3368 vocat,
1247 3326 1258 3348 ι
1269 3317 1310 3369 ot,
1323 3327 1334 3348 .
1344 3303 1390 3355 Ja.

342 3379 461 3434 hibernis
469 3389 562 3430 evocat
569 3391 594 3428 et
602 3375 727 3450 subsequi
729 3378 816 3448 jubet.
828 3403 838 3426 n
886 3393 927 3432 cta
937 3379 994 3432 alea
1004 3389 1054 3434 asto
1060 3420 1068 3448 ,
1078 3403 1089 3426 ι
1101 3397 1156 3433 non
1166 3401 1220 3434 uno
1230 3383 1390 3456 eodemque,

342 3463 449 3527 Florus,
457 3460 506 3524 IV,
515 3475 543 3522 a,
554 3473 600 3527 ¹9²
612 3458 841 3509 :PrimaAriminn
886 3457 933 3511 sed
942 3458 1044 3510 diverso
1056 3472 1175 3530 tempore
1188 3477 1202 3511 a
1214 3459 1315 3513 Cesar-e
1327 3481 1391 3532 prn-

344 3536 843 3614 signaceciuerunt.TumpuisusEtru·
886 3535 1392 3613 lata,eaquedecausaalteruminquit

342 3625 381 3674 ria
392 3620 472 3683 Libo,
484 3615 592 3669 Umbria
603 3611 745 3681 Thermus,
756 3613 842 3665 Domi·
887 3631 902 3668 a
920 3617 1047 3670 Suetonio
1066 3615 1185 3669 additum
1200 3618 1312 3690 judicat.
1336 3619 1389 3672 Sed

344 3705 395 3755 tius
409 3699 533 3752 Corfinio.
545 3720 556 3743 ι
887 3695 1003 3750 diversas
1014 3701 1157 3751 sententias
1168 3713 1305 3752 auctorem
1316 3721 1390 3754 more

379 3781 484 3833 XXXII.
501 3797 522 3830 r.
536 3775 612 3828 Jacto
623 3773 681 3826 alen
693 3785 752 3827 etto.
765 3773 841 3826 Codi·
885 3793 934 3828 suo
945 3779 1095 3831 accuratius
1107 3778 1292 3831 distinctarum
1306 3781 1390 3834 fuisse

343 3879 400 3926 ces,
415 3871 458 3913 cst.
470 3857 657 3930 imperativus,
670 3855 716 3925 qui
727 3855 798 3905 venit
809 3874 840 3907 ex
885 3855 983 3925 credo,
996 3860 1136 3930 premissis
1151 3859 1277 3927 vocibus,
1288 3861 1340 3927 Et,
1354 3863 1389 3913 Et

343 3938 525 3990 emendatione
545 3935 664 3998 Erasmi,
686 3950 763 3984 omne
785 3931 839 3985 fere
884 3953 979 4003 rursus,
993 3937 1030 3987 Et
1043 3937 1153 4005 iterum,
1169 3951 1219 3990 etc.
1232 3951 1262 3990 ut
1273 3941 1340 4011 Aug.
1354 3958 1384 4010 7¹

343 4011 842 4087 punctumtulitAdoptarieumetpro·
886 4027 912 4066 et
925 4015 971 4084 763
984 4014 1066 4085 Calig.
1084 4031 1132 4084 29,
1146 4017 1196 4084 so,
1211 4029 1262 4068 etc.

342 4091 842 4168 pteriocnmverbi(aliasenimscriptis-
918 4091 1385 4166 xxxfl1.1.AdttbirisTritonispto
1472 4087 1475 4094 ⁴

344 4192 372 4226 se
387 4167 453 4244 puto
469 4186 619 4239 auctorem,
631 4175 702 4244 jacta
715 4182 751 4223 est
766 4169 840 4236 alea,
886 4171 936 4231 sin·
945 4170 977 4222 ‘h.
987 4189 1008 4223 e.
1019 4173 1046 4224 in
1056 4171 1185 4240 tribuual,
1198 4174 1269 4227 uude
1280 4176 1385 4228 concio·

342 4267 503 4324 quamquem
522 4249 599 4302 innoc
622 4269 709 4302 meum
735 4265 841 4302 sensum
885 4247 1381 4324 nabetur,productis,quornminjnria
