3122 5134
554 509 677 580 novt
702 512 950 582 EDITORIS.
1218 538 1278 584 nu

220 663 290 758 tii,
308 661 541 740 Casauboni
558 681 598 738 et
614 647 808 739 aliorum:
826 689 901 738 nec
922 679 1058 738 tamen
1075 658 1145 739 illa
1164 665 1281 742 nobis

221 832 370 909 magno
378 807 470 882 usui
482 805 573 882 fuit.
587 805 625 882 3⁰
635 805 769 880 Pitisci
785 803 1015 901 editionem,
1032 805 1145 902 in-4⁰,
1163 835 1185 882 2
1199 805 1278 886 vol.

220 977 345 1052 quam
357 952 550 1055 optimam
565 950 626 1026 Da
638 965 691 1024 LA
703 948 845 1024 HARPE
857 951 1157 1054 pronuntiavit,
1172 952 1241 1028 sed
1255 982 1278 1030 a

220 1088 438 1170 clarissimo
460 1093 772 1198 Baumgartenio
794 1119 876 1168 non
894 1094 1114 1191 immerito,
1137 1115 1184 1172 ut
1204 1127 1277 1203 pu-

220 1252 367 1331 tamus,
378 1239 575 1341 arguitur,
585 1263 713 1341 quum
725 1237 1032 1313 commentarios
1042 1235 1294 1344 iudicesque,

219 1376 447 1480 promiscue
460 1373 696 1482 compilarat
710 1376 879 1452 Pitiscus
900 1374 969 1479 (ob
990 1375 1100 1480 quod
1120 1405 1278 1460 summo

215 1518 310 1624 jure
337 1520 458 1595 etiam
480 1518 531 1595 ab
555 1517 846 1624 Oudendorpio
866 1547 972 1626 saepe
999 1523 1209 1628 carpitur),
1237 1544 1278 1601 et

218 1655 355 1737 inutili
363 1656 469 1740 mole
476 1658 667 1738 lectorem
678 1660 876 1757 obruisse,
887 1660 1168 1761 etcontulisse,
1183 1695 1277 1772 quae

217 1798 281 1878 vel
304 1831 448 1907 parum
472 1801 634 1901 idonea,
656 1799 721 1879 vel
744 1799 873 1878 aliena
891 1805 1012 1880 etiam
1027 1822 1067 1880 et
1081 1804 1274 1906 absurda,

216 1944 432 2020 attentiore
446 1939 619 2020 lectione
635 1940 753 2020 facile
767 1945 851 2049 ipse
866 1946 1127 2049 cognovisset.

269 2085 364 2162 Fuit
384 2105 520 2163 autem
540 2085 647 2163 idem
665 2086 783 2165 nobis
805 2106 928 2193 atque
942 2089 1272 2196 Baumgartenio,

216 2229 304 2305 viro
330 2248 373 2306 ct
400 2226 610 2308 literarum
639 2251 679 2306 et
706 2231 956 2337 antiquitatis
982 2262 1098 2338 aeque
1123 2238 1273 2342 perito,

216 2371 395 2468 animus,
423 2398 512 2454 non
538 2399 632 2452 cum
663 2373 937 2478 superioribus
965 2377 1271 2482 interpretibus,

216 2513 326 2620 quod
339 2512 409 2592 ille
425 2513 543 2594 facile
558 2519 770 2624 potuisset,
785 2516 836 2595 de
853 2516 1091 2597 eruditionis
1106 2519 1273 2626 judicii-

215 2684 295 2760 que
309 2653 442 2763 palma
454 2656 674 2757 decertare,
690 2658 862 2736 sedeam
884 2658 1073 2738 exhibere
1088 2659 1271 2738 Suetonii
1354 2693 1356 2697 ·

216 2797 456 2896 editionem,
478 2827 570 2904 quae
593 2818 634 2876 et
650 2800 850 2904 magistris
864 2801 909 2876 in
927 2798 1091 2907 publica
1111 2804 1273 2902 institu-

214 2942 341 3038 tione,
355 2962 396 3020 et
406 2939 711 3022 adolescentulis
721 2939 908 3048 aliisque,
920 2945 992 3047 qui
1005 2945 1274 3052 minusimpe-

213 3081 341 3162 ditam
366 3084 492 3192 hujus
518 3088 722 3193 scriptoris
743 3105 940 3194 cuperent
965 3084 1202 3186 lectionem,
1215 3089 1271 3168 .iis

213 3226 394 3333 denique
415 3225 638 3326 sufficeret,
657 3231 728 3334 qui
753 3231 878 3304 animi
897 3231 1022 3334 magis
1038 3227 1271 3310 oblectandi

211 3371 415 3476 variisque
422 3372 672 3476 antiquitatis
681 3370 878 3448 thesauris
887 3370 1131 3468 instruendi,
1145 3401 1269 3477 quam

211 3512 463 3594 reconditam
488 3512 712 3592 doctrinam
739 3513 971 3619 aucupandi
1001 3511 1187 3612 consilio,
1216 3514 1269 3592 ad

211 3685 306 3735 eum
319 3661 586 3737 accessissent.
602 3661 662 3736 Ita
671 3655 761 3742 fieri
771 3685 854 3739 non
877 3661 1026 3765 potuit,
1043 3659 1270 3763 quinquae-

211 3798 304 3876 dam
317 3799 538 3907 repetenda
545 3798 793 3897 viderentur,
801 3828 894 3905 quae
902 3797 969 3875 alii
974 3800 1059 3905 jam
1068 3800 1271 3904 copiosius

211 3942 503 4047 exposuissent:
518 3939 674 4047 quodsi
691 3941 764 4044 qui
776 3941 936 4016 crimini
953 3936 1069 4014 nobis
1084 3935 1267 4016 dandum

210 4087 502 4181 existimarent,
518 4086 731 4160 maximam
750 4111 846 4160 sane
860 4083 1053 4191 injuriam
1071 4080 1268 4158 facerent.v

212 4215 316 4329 Quis
335 4228 444 4304 enirn
463 4256 565 4305 nova
585 4227 720 4304 omnia
738 4243 895 4331 expetat
913 4225 957 4299 in
977 4221 1153 4301 editione
1170 4225 1271 4300 scri-
