3120 5136
408 479 475 544 308
782 474 818 537 C.
844 474 1076 539 SUETONll

364 638 367 644 ·
406 605 513 694 psisse
524 599 567 668 ad
578 623 670 680 eam,
683 594 853 689 pauloque
865 610 942 686 post
952 617 1143 686 egressum3
1161 595 1318 692 illamque
1330 621 1443 690 erper-

407 712 587 803 gemmam,
607 709 703 803 quasi
719 730 739 771 a
752 703 933 772 concubitu
949 707 1076 787 mariti,
1097 704 1310 797 purificasse⁷
1332 731 1387 774 se:
1411 725 1444 774 et

407 829 518 892 statim
532 828 569 890 in
585 843 725 912 corpore
740 816 813 909 ejus
831 819 996 884 exstitisse
1011 816 1195 900 maculam,
1215 819 1308 886 velut
1324 821 1442 914 depicti
1537 833 1538 844 ¹

406 935 578 1014 draconis,
598 954 660 998 nec
678 931 826 1022 potuisse
843 952 994 1022 uuquam
1010 931 1114 1018 exigi,
1133 929 1218 996 adeo
1236 946 1274 998 ut
1291 956 1369 1000 mox
1386 957 1441 1026 pu-

405 1045 499 1112 blicis
521 1041 659 1110 balineis
685 1055 849 1131 perpetuo
871 1036 1093 1105 abstinuerit:
1119 1044 1306 1132 Augustum
1328 1060 1440 1110 natum

405 1177 520 1221 mense
539 1150 685 1234 decimo,
705 1165 739 1216 et
757 1147 800 1214 ob
819 1148 882 1215 hoc
900 1148 1061 1241 Apollinis
1084 1148 1190 1216 filium
1209 1155 1436 1220 existimatum.

405 1265 531 1332 Eadem
552 1265 645 1344 Atia,
664 1262 878 1352 priusquam
895 1275 1050 1350 pareret,
1072 1264 1265 1343 somniavit,
1290 1265 1438 1331 intestina

404 1399 465 1442 sua
477 1375 556 1440 ferri
567 1373 610 1441 ad
623 1368 751 1450 sidera,
767 1366 992 1461 explicarique
1006 1392 1066 1460 per
1081 1375 1217 1436 omnem
1235 1387 1397 1441 terrarum
1408 1391 1439 1440 et

405 1484 477 1552 caeli
496 1483 669 1552 ambitum.
691 1479 874 1545 Somniavit
893 1495 926 1544 et
944 1493 1039 1568 pater
1054 1480 1227 1562 Octavius,
1246 1499 1343 1550 utero
1362 1485 1437 1551 Atiae

401 1591 509 1688 jubar'
514 1593 594 1661 solis
607 1607 770 1659 exortum.
783 1592 858 1674 Quo
870 1603 968 1653 natus
982 1603 1033 1654 est
1043 1581 1112 1668 die,
1128 1613 1235 1682 quum
1244 1590 1286 1658 de
1298 1593 1437 1660 Catilina

404 1705 636 1800 conjuratione
658 1715 811 1794 ageretur
833 1701 868 1764 in
891 1702 1013 1781 Curia,
1039 1716 1072 1765 et
1091 1702 1248 1770 Octavius
1266 1704 1310 1771 ob
1333 1709 1437 1772 uxoris

403 1820 622 1911 puerperium
638 1816 744 1882 serius
756 1811 926 1892 affuisset,
943 1827 1024 1878 nota
1041 1835 1081 1878 ac
1096 1813 1232 1904 vulgata
1249 1839 1304 1884 res
1321 1835 1385 1900 est,
1403 1823 1434 1883 P.

405 1925 608 2020 Nigidium⁸‚
623 1939 793 2014 comperta
804 1943 908 1988 morae
918 1943 1036 2002 causa,
1049 1936 1087 1987 ut
1096 1920 1215 1990 horam
1224 1949 1358 2020 quoque
1369 1949 1436 2018 par·
1537 2019 1538 2024 γ

404 2055 459 2106 tus
482 2038 664 2130 acceperit,
685 2032 889 2113 affirmasse,
910 2028 1085 2098 dominum
1105 2049 1272 2102 terrarum
1294 2036 1364 2104 orbi
1386 2060 1437 2102 na·

405 2166 489 2216 tum.
505 2148 643 2215 Octavio
659 2160 792 2235 postea,
813 2166 919 2236 quum
934 2167 995 2234 per
1015 2160 1142 2210 secreta
1155 2145 1307 2214 Thraciae
1326 2150 1436 2216 exerci-

405 2276 478 2326 tum
498 2256 655 2335 duceret,
678 2257 713 2320 iu
732 2250 863 2317 Liberi⁹
881 2253 985 2342 patris
1008 2250 1084 2319 luco
1105 2252 1248 2322 barbara
1268 2256 1436 2324 cerimonia

406 2371 448 2437 de
463 2368 531 2436 filio
546 2364 752 2444 consulenti,
772 2361 861 2428 idem
876 2360 1081 2430 affirmatum
1097 2379 1149 2431 est
1163 2390 1183 2431 a
1199 2367 1434 2436 sacerdotibus:

407 2480 516 2576 quod,
539 2479 649 2546 infuso
667 2497 769 2566 super
785 2473 901 2539 altaria
921 2496 1033 2556 mero,
1055 2490 1186 2541 tantum
1206 2476 1349 2547 llammae
1366 2482 1436 2546 emi-

407 2599 549 2674 cuisset,
566 2610 605 2659 ut
616 2609 832 2681 supergressa
846 2585 1015 2676 fastigium
1028 2586 1143 2678 templi
1156 2588 1199 2654 ad
1211 2590 1331 2658 caelum
1341 2615 1437 2686 usque

408 2707 570 2786 ferretur3
598 2704 759 2795 unique¹⁰
787 2695 903 2784 [olim]
928 2699 1065 2762 omniuo
1091 2704 1214 2789 blaguo
1239 2701 1437 2780 Alexandro,

301 2847 309 2858 ¹
410 2814 500 2907 apud
515 2813 649 2881 easdem
663 2833 739 2877 aras
758 2806 973 2888 sacrificanti,
993 2807 1100 2875 simile
1118 2814 1329 2902 provenisset
1341 2832 1439 2882 osten·

411 2943 492 2992 tum.
518 2932 625 3017 Atque
647 2925 745 2988 etiam
767 2921 955 3012 insequenti
977 2922 1086 2985 statim
1108 2937 1206 2989 nocte
1226 2923 1340 2991 videre
1359 2927 1439 2992 visus

447 3155 470 3206 7.
490 3132 643 3205 Purificasse
656 3155 697 3198 se;
715 3155 749 3188 ne
762 3155 834 3189 sacra
851 3136 908 3209 pol·
953 3137 1032 3190 misso
1048 3135 1115 3190 ardes
1134 3136 1221 3190 dicata
1239 3152 1279 3193 est
1300 3141 1385 3211 specie
1403 3157 1441 3190 ro·

401 3217 554 3268 lucrentur.
953 3217 1052 3284 tunde,
1074 3221 1149 3289 cujus
1170 3218 1287 3271 medium
1309 3222 1441 3290 interpatet

445 3297 470 3348 8.
497 3296 528 3347 P.
550 3295 703 3366 Niqidium5
725 3313 804 3364 quem
824 3313 907 3366 usque
953 3307 1059 3347 tectum.
1078 3295 1441 3351 Rotunditasaedismonstret

409 3375 476 3429 adeo
491 3374 546 3427 caeli
560 3374 653 3444 peritia
666 3364 817 3426 excelluisse
829 3375 909 3426 refert
952 3373 1062 3446 hujusce
1081 3373 1172 3426 sideris
1187 3377 1320 3444 speciem,
1335 3393 1441 3429 summo·

409 3457 477 3521 Dio,
488 3468 517 3506 ut
528 3451 669 3523 prohibitis
681 3451 838 3520 quibusdam
851 3465 906 3504 stu·
953 3471 1004 3524 que
1016 3467 1085 3506 tecto
1100 3453 1189 3505 lumen
1203 3454 1363 3521 admittitur,
1375 3471 1439 3510 etc.-

409 3536 459 3588 diis
471 3534 535 3586 dare
549 3549 655 3603 operam
671 3531 829 3582 crederetur.
992 3549 1031 3584 ιο.
1050 3532 1153 3604 Unique
1164 3529 1256 3606 [olim]
1270 3536 1440 3600 omrtino,etc.

446 3634 471 3684 9.
492 3615 524 3664 In
542 3611 625 3663 Liberi
637 3610 719 3680 patris
734 3608 799 3660 luco.
813 3610 907 3662 Attulit
955 3612 1025 3666 Olim
1042 3614 1117 3664 uncis
1138 3612 1233 3664 inclusi
1251 3633 1311 3666 cum
1328 3613 1441 3670 Oudend.

409 3695 511 3747 Ernest.
530 3691 562 3743 nd
581 3689 653 3740 hunc
670 3687 758 3740 locum
775 3687 907 3740 illustrnn-
950 3695 1029 3745 Deest
1040 3695 1109 3745 enim
1120 3693 1147 3744 in
1159 3693 1295 3763 pluribus,
1309 3709 1335 3747 et
1346 3699 1441 3748 minime

409 3773 471 3826 dum
482 3769 600 3823 Macrob.
610 3771 711 3821 saturn.
724 3767 749 3832 1,
763 3768 809 3819 18:
824 3770 906 3818 aliern
951 3773 1129 3824 necessarium
1143 3786 1183 3824 est
1198 3769 1227 3825 h.
1241 3773 1258 3824 l.
1275 3787 1300 3825 et
1316 3776 1441 3827 inconcin-

408 3855 434 3904 in
449 3851 562 3904 Thracia
576 3847 697 3901 eumdem
711 3845 804 3898 haberi
819 3847 907 3898 Solem
953 3870 1023 3902 num.
1034 3853 1126 3901 Postea
1137 3850 1199 3904 dedi
1212 3851 1356 3924 insequenti
1364 3856 1442 3907 statim

409 3948 489 4005 atque
506 3931 630 3984 Liberum
649 3929 791 4000 accipimus
802 3950 808 3989 ;
827 3947 906 3999 quem
952 3939 1025 3982 nocte
1036 3949 1085 4000 pro
1095 3932 1212 4003 sequenti
1220 3934 1401 4000 noctestutr'm,
1411 3931 1441 3984 ob

407 4011 444 4062 illi
459 4009 592 4064 Sebnzium
606 4020 790 4080 nuncupantes
802 4010 905 4077 magni·
951 4011 1114 4080 frequentem
1124 4026 1202 4059 usum
1215 4007 1284 4060 illius
1295 4011 1367 4062 verbi
1379 4009 1442 4082 apud

407 4089 591 4160 §rereligione
599 4088 732 4141 celebrant
740 4125 748 4152 ‚
757 4100 785 4139 ut
793 4086 905 4139 Alexan·
951 4089 1059 4140 Sueton.
1071 4100 1096 4139 et
1107 4085 1226 4139 ordinem
1235 4087 1378 4144 verborum
1389 4107 1442 4144 cou-

407 4168 457 4223 dar
468 4168 573 4235 scribiq
586 4171 662 4241 eique
673 4170 730 4222 Deo
742 4171 769 4220 in
781 4166 849 4220 colle
858 4167 906 4221 Zil-
951 4167 1102 4221 cinniorem.
1118 4165 1217 4220 ferent
1228 4165 1314 4222 codd.
