2982 5116
385 486 545 550 oomv.
569 483 828 550 AUGUSTUS.
1058 488 1123 570 243

93 635 207 682 rursus
227 611 459 680 commissione
478 606 651 690 ludorum,
672 605 794 702 quibus
816 607 1020 676 theatrumrt
1040 616 1127 684 ΜΨ.

93 725 165 792 celli
177 723 364 803 dedicabat,
380 723 505 803 evenit,
519 737 571 800 ut,
585 717 703 786 laxatis
723 718 813 786 sellae
826 720 950 789 curulis
962 728 1125 817 compagi·
1162 742 1166 751 ’

91 836 171 918 bus,
193 830 325 902 caderet
347 834 499 925 supinus.
519 827 718 922 Nepotum²⁴
738 852 872 923 quoque
893 855 1031 899 suorum
1053 859 1128 901 mu·

92 970 188 1029 nere,
204 969 309 1038 quum
322 957 571 1010 consternatum
586 943 692 1009 ruinae
706 956 798 1008 metu
811 940 975 1034 populum
987 947 1130 1012 retinere

92 1071 125 1122 et
148 1055 348 1124 confirmare
371 1051 466 1119 nullo
490 1051 590 1118 modo
615 1066 744 1142 posset,
765 1055 894 1118 transiit
914 1077 932 1119 e
955 1052 1029 1120 loco
1051 1079 1129 1136 suo,

92 1184 193 1262 utque
214 1169 247 1233 in
268 1191 305 1233 ea
325 1181 420 1258 parte
440 1162 604 1245 consedit,
624 1187 699 1257 quae
716 1179 869 1256 suspecta
887 1169 1029 1233 maxime
1048 1183 1130 1234 erat.

137 1282 255 1346 XLIV.
282 1272 457 1367 Spectandi
471 1275 742 1344 confusissimum
755 1299 794 1342 ao
808 1274 1049 1344 solutissimum
1064 1303 1133 1345 mo-

92 1415 166 1458 rem
194 1392 353 1458 correxit¹
384 1388 631 1483 ordinavitque,
661 1405 772 1456 motus
800 1384 921 1480 injuria
951 1392 1132 1480 Senatoris,

93 1523 197 1594 quem
208 1498 353 1566 Puteolis
366 1522 426 1590 per
440 1497 671 1564 celeberrimos
684 1497 781 1564 ludos
795 1520 954 1564 consessu
968 1497 1133 1594 frequenti

1 1686 3 1696 s
92 1633 196 1675 nemo
209 1623 389 1700 receperat.
404 1613 505 1673 Facto
514 1610 614 1697 igitur
628 1606 759 1674 decreto
773 1611 925 1688 Petrum,
939 1623 992 1690 ut,
1005 1613 1135 1702 quoties

93 1716 178 1813 quid
194 1717 374 1809 spectaculi
388 1741 531 1810 usquam
542 1715 675 1808 publice
687 1715 852 1799 ederetur,
866 1721 994 1810 primus
1007 1718 1135 1787 subsel-

92 1826 222 1895 liorum
235 1825 318 1893 ordo
332 1842 466 1892 vacaret
482 1821 711 1906 Senatoribus3
731 1830 863 1891 Romae²
883 1823 1008 1918 legatos
1022 1827 1137 1895 libera·

97 1962 177 2004 rum
193 1941 428 2029 sociarumque
440 1937 588 2025 gentium
601 1936 706 2000 vetuit
718 1937 752 2001 in
765 1933 934 2002 orchestra
950 1937 1138 2022 considere,

1 2127 3 2140 ,
95 2071 222 2140 quum,
237 2047 402 2141 quosdam
420 2048 519 2111 etiam
532 2043 673 2110 libertini
694 2048 823 2136 generis
841 2047 940 2128 mitti,
957 2046 1140 2140 deprehen·

95 2152 213 2222 disset.
228 2152 388 2222 Militem³
408 2158 549 2222 secrevit
563 2179 583 2220 a
598 2154 735 2246 populo.
751 2153 901 2225 Maritisl
919 2180 938 2223 e
951 2155 1050 2250 plebe
1068 2184 1140 2252 pro

95 2351 121 2416 1,
142 2366 173 2402 21
191 2345 286 2417 (Tbes.
299 2360 364 2398 tom.
380 2349 427 2413 Vl,
447 2347 509 2418 pagi
521 2348 599 2418 997).
644 2361 698 2401 erat
714 2347 859 2414 theatrum,
879 2368 960 2419 quum
975 2351 1084 2404 Senator
1098 2355 1141 2405 in·

94 2457 129 2468 —
142 2429 277 2480 Deducere
294 2436 389 2479 tenram
408 2425 501 2496 legitor
519 2428 597 2478 etism
642 2439 738 2494 trsret,
748 2429 783 2478 ita
794 2429 993 2498 utejusinjuria
1003 2445 1140 2485 essetuon-

93 2509 208 2577 Vespas·
218 2505 248 2569 5,
259 2521 311 2575 quo
319 2503 379 2555 loco
389 2523 461 2575 teque
469 2521 499 2556 ac
508 2517 597 2555 nostro
642 2506 765 2576 apertior.

94 2587 202 2638 Ernest.
212 2582 397 2651 corrigendum
405 2597 492 2636 censet
499 2585 597 2635 ducere.
678 2600 701 2634 2.
719 2585 1139 2659 Romoe.0pponiturpraecedenti

94 2665 205 2718 Rectius
212 2663 297 2716 Wolf.
307 2661 429 2714 deducere
440 2662 598 2715 vocabulum
642 2680 759 2733 usquam.
774 2664 803 2713 ln
816 2663 943 2715 orchestra
956 2664 1044 2716 sedem
1058 2667 1140 2720 fuisse

95 2743 184 2796 hocin
198 2761 225 2794 re
233 2743 369 2814 proprium
376 2741 487 2812 judicat.
499 2741 528 2792 ld
537 2760 599 2793 eon·
642 2741 813 2805 Senatorum,
828 2744 921 2813 sepius
932 2747 1032 2796 monui.

95 2818 600 2890 lii-mareridetur,quodsolennisporn·
678 2821 702 2872 3.
722 2819 1140 2895 Militemsecreoitapopulo,·vel

96 2921 133 2974 pe
145 2902 179 2954 de
192 2899 323 2972 Capitolio
337 2919 386 2970 per
396 2900 494 2950 Forum
505 2900 532 2949 in
544 2899 598 2950 Cir·
643 2896 749 2950 honoris
761 2915 839 2949 causa
846 2939 854 2965 ‚
866 2911 896 2949 ut
907 2899 1077 2971 distingueret
1089 2904 1139 2956 ho·

96 3000 160 3034 cum
171 2980 281 3033 deducta
292 2990 341 3030 est.
642 2979 741 3040 mines,
761 2996 814 3048 prae
835 2978 943 3050 reliquis
962 2979 995 3032 de
1016 3001 1044 3034 se
1062 2996 1088 3034 et
1106 2983 1139 3036 de

135 3061 178 3114 23.
192 3059 335 3110 Theatrum
344 3056 473 3110 Marcelli.
481 3054 549 3107 Vide
556 3075 600 3108 su·
642 3055 754 3126 Republ.
776 3059 898 3121 meritos3
916 3059 956 3110 vel
973 3074 1003 3112 ut
1022 3066 1140 3115 occasio·

96 3157 162 3210 pra,
174 3155 235 3208 cop.
250 3153 292 3205 29.
642 3153 702 3185 nem
715 3133 871 3186 seditionum
885 3136 1053 3191 theatralium
1068 3141 1141 3193 tolle-

137 3216 180 3282 ²4·
200 3215 347 3287 Nepotem
359 3214 414 3266 Caii
430 3226 455 3264 et
468 3212 559 3278 Lucii,
569 3211 600 3262 li-
643 3224 690 3264 ret.
699 3213 756 3263 lloc
768 3213 877 3266 suadere
886 3215 1004 3282 videtur,
1017 3219 1089 3289 quod
1102 3238 1141 3272 ex·

98 3298 198 3350 liorum
211 3297 333 3366 Agrippae
345 3313 359 3346 e
372 3293 450 3345 Julia.
644 3293 719 3360 ponit
732 3303 823 3343 auctor
835 3291 867 3344 de
883 3307 1003 3346 correcto
1012 3297 1141 3350 solutissi-

138 3380 227 3430 mv.
251 3393 272 3428 ι.
289 3376 402 3428 Correxit
413 3373 599 3446 ordinavitque.
643 3386 687 3419 mo
697 3371 833 3440 spectandi
843 3371 1096 3432 tumultuantem
1105 3377 1142 3427 lo-

100 3459 323 3511 Confusissimum
337 3453 484 3518 ordinavit,
498 3452 601 3504 solutis-
644 3467 690 3500 cus
698 3450 796 3515 Taciti,
806 3450 901 3502 Annsl.
910 3453 1140 3518 Vl,3,sCasaub.

99 3539 198 3590 simum
209 3535 329 3586 correxit.
340 3535 485 3603 sepissime
496 3532 602 3584 ituSue·
640 3530 694 3598 jam
714 3531 857 3597 excitatus,
878 3529 925 3582 Ubi
943 3533 1037 3585 Junius
1055 3534 1141 3587 Gallio

99 3617 209 3668 tonius:
223 3613 283 3664 vide
298 3630 357 3681 cap.
371 3612 421 3678 46,
438 3610 483 3662 fin.
499 3612 561 3662 Mox
572 3611 600 3662 in
645 3609 777 3661 censuisse
791 3609 896 3678 dicitur,
912 3626 962 3664 unt
975 3615 1143 3676 Proetonani,

99 3693 206 3756 Uerbis,
217 3709 266 3763 per·
276 3691 450 3744 celeberrimos
460 3689 534 3742 ludos
542 3708 602 3741 eon·
630 3747 632 3755 Α
646 3691 710 3742 actis
720 3690 868 3762 stipendiis,
875 3695 919 3761 jus
927 3695 1107 3762 apiscerentur
1116 3697 1142 3748 in

99 3791 168 3826 sessu
180 3771 315 3843 frequenti
332 3770 433 3824 nullum
453 3788 509 3822 esse
525 3770 602 3841 pleo·
648 3769 847 3840 quatuordecim
855 3771 992 3824 ordinibus
1002 3765 1144 3837 sedendi·

101 3867 242 3912 nucinum,
259 3861 349 3900 contra
363 3848 501 3899 Ernestum
514 3845 605 3898 docuit
647 3867 690 3900 cur
683 3847 788 3900 'dixit
781 3865 919 3920 increpans
931 3851 1096 3904 Tubertus
1085 3871 1146 3905 rre-

101 3927 190 3979 wolf.
210 3925 371 3978 celeberrimi
391 3923 447 3978 ludi
465 3924 603 3991 dicuntur,
647 3945 746 3999 perisse
756 3946 878 3998 prorsus
889 3928 1002 4001 quedl).
1010 3932 1144 4030 Augustus

103 4005 142 4058 ad
155 4023 223 4077 qnos
238 4005 351 4056 maxima
364 4002 501 4058 hominum
518 4001 605 4056 multi·
648 4025 703 4058 non
716 4007 891 4078 providerit.»

102 4085 319 4140 tudoconlluxit.
325 4085 440 4140 Additur
450 4098 606 4140 outemoort-
684 4087 710 4154 4.
726 4088 832 4140 Meritis
843 4107 857 4140 e
868 4089 981 4160 plebe...
976 4093 1147 4166 assignandi

50 4171 52 4174 ’
102 4165 330 4239 mumurati,
346 4163 418 4238 quod
431 4163 561 4236 plenum'
551 4184 606 4235 Jarn
645 4188 682 4221 ⁴cx
702 4167 761 4241 lege
777 4168 856 4241 Papio
875 4173 1000 4252 Poppca,
1020 4171 1053 4223 sd
1068 4187 1146 4244 quum

958 4260 1007 4326 16.
1127 4264 1133 4270 ’
