2982 5116
364 591 524 656 OCTAV.
553 593 811 657 AUGUSTUS.
1043 595 1108 660 283

77 719 190 810 cuique
201 715 337 796 donavi,
352 718 507 783 vicissem
518 717 570 784 vel
585 719 827 811 quinquaginta
841 717 954 785 millia.
969 717 1031 788 Sed
1047 718 1112 788 hoc

76 826 168 894 malo.
188 829 374 918 Benignitas
390 831 480 894 euim
495 852 571 895 mea
591 853 645 894 me
664 827 707 894 ad
722 827 887 895 caelestem
907 828 1045 919 gloriam
1065 831 1112 896 ef-

75 939 165 1007 feret.
178 971 191 998 υ
216 938 333 1007 Scribit
354 937 396 1005 ad
419 938 540 1006 filiam:
568 971 581 1000 a
593 943 668 1006 Misi
689 939 748 1005 tibi
772 940 925 1007 denarios
949 939 1111 1008 ducentos

75 1035 329 1142 quinquaginta,
343 1073 427 1143 quos
442 1049 579 1142 singulis
594 1052 741 1118 convivis
755 1049 928 1132 dederam,
943 1054 971 1118 si
989 1051 1114 1119 vellent
1178 1121 1181 1126 ,

75 1162 157 1224 inter
173 1183 209 1225 se
222 1162 308 1227 iuter
321 1183 449 1248 coeuam
463 1160 516 1227 vel
529 1159 603 1227 talis
614 1159 667 1227 vel
682 1184 743 1253 par
757 1163 885 1252 impar⁹
902 1159 1053 1228 ludere.»
1074 1168 1112 1228 ln

75 1271 189 1335 ceteris
201 1269 350 1361 partibus
366 1273 441 1336 vitae
454 1272 777 1338 continentissimum
792 1271 894 1338 fnisse
911 1289 1057 1355 constat,
1075 1297 1114 1340 ac

76 1381 143 1446 sine
155 1381 343 1471 suspicione
355 1379 455 1446 ullius
470 1382 550 1447 vitii.

118 1493 249 1555 LXXll.
277 1489 561 1582 Habitavitprimo
574 1489 669 1582 juxta
681 1499 869 1559 Romanum
881 1498 1004 1559 Forum
1015 1504 1041 1576 ¹,
1057 1519 1113 1559 su-

74 1624 133 1690 pra
148 1599 258 1668 Scalas
270 1599 454 1684 anularius,
472 1603 506 1667 iu
519 1600 618 1668 domo
633 1626 709 1695 quae
718 1602 828 1670 Calvi²
839 1606 977 1670 oratoris
987 1603 1112 1669 firerat:

74 1729 189 1804 postea
201 1717 235 1779 in
251 1712 413 1796 Palati033
427 1714 485 1780 sed
496 1714 712 1790 nihilominus
725 1717 850 1783 aedibus
861 1715 1021 1784 modicis4
1032 1721 1114 1783 Hor-

75 1823 248 1903 tensianis,
262 1838 295 1887 et
305 1845 415 1914 neque
426 1821 574 1900 laxitate,
588 1847 697 1915 neque
708 1822 800 1890 cultu
814 1828 1018 1918 conspicuis,
1031 1840 1070 1892 ut
1080 1827 1115 1891 in

1 1963 3 1968 ’
76 1934 197 2028 quibus
212 1933 379 2025 porticus⁵
394 1933 512 2000 breves
524 1949 637 2001 essent
649 1932 853 2002 Albanarum
865 1937 1114 2019 columnarum,

76 2059 108 2111 et
117 2045 190 2110 sine
205 2067 371 2110 marmore
383 2042 453 2109 ullo
467 2059 524 2110 aut
538 2046 659 2136 insigni
670 2048 861 2137 pavimento
875 2043 1054 2112 conclavia.
1071 2051 1117 2112 Ac

76 2177 134 2245 per
143 2177 252 2221 annos
264 2153 409 2246 amplius
420 2154 639 2249 quadraginta
649 2155 767 2223 eodem
780 2153 955 2254 cubiculo6
965 2155 1074 2223 hieme
1084 2171 1118 2222 et

75 2381 227 2438 ludentibus
235 2386 367 2457 Augustus
374 2387 573 2440 condonaverit.
618 2401 722 2460 perant.
735 2387 812 2440 Conf.
824 2390 888 2454 Dio,
900 2389 972 2452 Llll‚
991 2385 1030 2440 16.
1043 2389 1118 2438 Hanc

76 2464 155 2514 latmo
174 2477 217 2516 est
230 2467 345 2535 pecunia
364 2480 425 2538 post
443 2466 522 2519 talem
534 2470 576 2537 ja·
618 2469 730 2540 Augusti
745 2467 853 2518 domurn
867 2466 1010 2537 palatinam
1024 2468 1118 2517 incen-

77 2544 179 2593 ctumin
188 2542 575 2617 mediumconferenda,quam
619 2546 662 2597 dio
677 2545 1038 2607 absumtametrestitutam,
1054 2543 1119 2615 legi·
1150 2543 1161 2562 “

77 2637 127 2671 nan
141 2623 261 2692 exegisse
274 2640 302 2674 se
315 2621 386 2673 dicit.
619 2642 677 2675 mus
688 2643 780 2695 supra,
790 2643 812 2675 c.
825 2624 867 2694 57.
879 2626 972 2675 Postea
983 2621 1119 2692 publicam

110 2715 135 2767 9.
153 2702 214 2752 Par
228 2702 320 2770 impar.
339 2703 425 2754 Lusus
442 2717 497 2754 erat
512 2722 575 2773 pue·
619 2703 682 2754 fecit
706 2703 857 2772 Augustus,
883 2703 943 2773 quia
967 2701 1120 2752 Pontificem

77 2777 138 2830 tilis.
150 2783 245 2832 Horat.
260 2783 312 2834 Sat.
331 2783 369 2848 ll,
384 2783 416 2845 3,
433 2781 499 2849 248,
513 2801 576 2834 con·

75 2859 174 2928 jungit;

78 2940 575 3000 tadereparimpaneqniureinamndinelongu.

109 3016 213 3068 Lxxu.
235 3034 258 3068 r.
271 3019 351 3069 Juxta
366 3019 512 3068 Romanam
529 3018 577 3068 Fo-

78 3111 141 3145 rum.
163 3094 279 3146 Additur
297 3099 446 3148 Romanum
466 3109 577 3167 propter

78 3170 129 3224 duo
147 3171 201 3224 alia
213 3191 305 3224 recena
321 3187 465 3238 exstructa,
477 3174 576 3224 taliam

80 3263 104 3302 et
114 3253 243 3324 Augusti:
258 3254 293 3304 cf.
306 3252 340 3304 ad
354 3273 411 3324 cap.
426 3255 577 3322 29.·-Sca·

80 3326 115 3382 las
128 3331 278 3399 anularius,-
293 3351 349 3403 quse
364 3345 390 3383 et
406 3330 478 3401 quod
494 3349 577 3400 genus

78 3409 177 3464 aedilicii
190 3413 303 3476 fuerint,
316 3425 342 3464 et
353 3413 396 3463 cui
408 3415 445 3462 rei
455 3413 577 3464 inservia-

79 3490 143 3557 rint,
154 3489 227 3542 nnde
238 3490 353 3560 denique
363 3509 459 3540 nomen
471 3509 578 3560 accepe-

78 3569 140 3632 rint,
155 3569 278 3638 ignorare
298 3588 326 3620 se
350 3570 448 3621 fatetur
467 3569 575 3620 Nardin.

79 3645 152 3698 Rom.
163 3650 223 3699 Vet.
235 3649 267 3713 V,
281 3649 325 3712 16;
338 3668 398 3700 curn
408 3649 528 3699 Ernestio
537 3648 578 3699 di-

2 3759 6 3767 ·
80 3736 133 3775 ctas
150 3723 208 3778 illas
224 3741 350 3797 putamus
369 3727 403 3777 ab
423 3725 578 3791 aurifabris,

81 3805 124 3871 qui
135 3804 249 3856 annulos
263 3804 300 3856 ibi
314 3804 471 3868 venderent,
486 3807 524 3854 uti
538 3805 578 3855 vi·

80 3898 137 3931 cam
153 3883 342 3936 sandaliarium
362 3902 376 3933 a
397 3883 579 3948 sandaliariis,

80 3976 136 4031 cap.
153 3962 197 4029 57.

115 4057 138 4090 a.
161 4040 237 4092 Calui
247 4044 366 4104 oratoris;
378 4043 407 4093 C.
418 4043 512 4094 Licinii
523 4041 580 4094 Cal·

80 4117 117 4180 vi,
131 4117 165 4169 de
180 4119 305 4189 quotide
320 4122 374 4172 Cic.
389 4121 461 4170 Brut.
476 4120 518 4171 81.

115 4194 139 4244 3.
159 4196 254 4247 Postea
266 4197 293 4247 in
309 4198 429 4258 Palati03
446 4196 515 4248 unde
533 4197 579 4248 tlo-

83 4275 274 4328 rnusCaeaaruro
282 4277 385 4329 Palatia
395 4277 521 4348 appellari
531 4296 580 4329 coe·

619 2783 761 2832 Maximum
783 2783 808 2830 in
828 2781 884 2832 aliis
907 2797 985 2850 quarn
1005 2778 1118 2848 publicis

619 2859 718 2920 adibus
726 2858 847 2911 habitare
857 2859 897 2910 fas
908 2876 961 2908 non
972 2869 1029 2907 erat
1038 2879 1044 2908 :
1054 2859 1104 2908 Dio
1110 2896 1119 2924 ,

620 2941 675 3005 LV,
692 2957 730 2992 rs.
743 2940 820 2991 Cous.
834 2937 868 2990 ad
881 2938 944 2990 Cres.
956 2937 999 3003 46.

656 3019 682 3086 4.
701 3019 809 3073 AEdt'bus
817 3019 924 3072 modicis
932 3018 1119 3071 Hortensianis.

621 3095 747 3148 Palatium
757 3096 915 3168 expluribus
926 3095 1050 3148 domibus
1058 3113 1121 3147 con·

622 3189 748 3228 structum
757 3178 918 3229 fueratPars
926 3178 1013 3246 igitur,
1022 3175 1120 3226 uthina

621 3251 718 3326 liquet,
727 3268 800 3308 vetus
812 3258 862 3307 fuit
869 3256 1002 3307 Hortensii
1011 3254 1121 3316 domus,

621 3354 681 3404 pars
692 3334 755 3399 alia,
768 3319 885 3388 Catilinas
895 3336 1004 3399 domus,
1018 3352 1074 3404 quae
1086 3345 1122 3386 ta·

622 3433 681 3464 men
695 3429 788 3483 postea
804 3427 926 3484 separata
940 3428 978 3465 est
987 3451 995 3477 ,
1005 3425 1040 3474 ,ut
1054 3411 1122 3462 indi-

623 3506 665 3542 cat
679 3494 818 3544 Suetonius
832 3497 859 3544 in
875 3494 949 3543 Verr.
961 3489 1057 3542 Flacco
1070 3488 1121 3559 (de

622 3570 716 3623 lllustr.
729 3574 844 3624 Gratum.
862 3571 915 3642 17).

658 3649 682 3701 5.
702 3651 820 3702 Porticus
834 3652 943 3702 breues...
956 3648 1119 3700 Albanarum

623 3726 821 3788 columnarum
836 3745 867 3778 ex
880 3745 1010 3777 marmore
1025 3727 1120 3776 montis

623 3803 733 3870 Albani,
750 3809 791 3856 cui
807 3805 841 3856 ob
860 3805 981 3855 viciniam
999 3803 1121 3872 exiguum

622 3885 746 3954 pretium.

659 3963 684 4015 6.
703 3963 800 4014 Eodem
817 3962 934 4013 cubiculo
952 3962 1035 4012 hieme
1051 3971 1121 4012 etta-

623 4051 687 4091 state
697 4041 800 4093 mansit.
816 4041 886 4090 Nota
900 4041 1080 4090 Romanorum
1094 4040 1121 4089 in

623 4118 791 4170 multitudine
809 4116 945 4181 villarum,
965 4118 1121 4190 diversoque

624 4216 673 4266 pro
690 4198 766 4249 variis
780 4197 845 4248 locis
864 4199 978 4268 annique
995 4200 1121 4269 tempori·

624 4279 673 4328 lius
684 4290 824 4347 apparatu,
836 4276 946 4326 luxuria.
