2982 5116
354 495 419 562 256
725 497 762 561 G.
787 493 1021 576 SUETONII

398 623 487 688 LIII.
512 614 1394 712 Domini·appellationem,utmaledictumetoppro·

351 729 478 812 brium,
499 752 630 821 semper
656 727 839 798 exhorruit.
862 733 991 815 Quum,
1012 744 1183 821 spectante
1207 754 1247 796 eo
1276 727 1392 812 ludos,

352 843 609 936 pronunciatum
633 855 720 910 esset
737 865 758 908 a
780 843 898 922 mimo,
930 844 985 909 ao
1002 842 1183 908 Dominum
1202 865 1341 935 aequum
1363 857 1394 908 et

351 949 521 1018 bonum»
539 965 573 1016 et
591 951 753 1032 universi,
769 953 865 1043 quasi
880 947 923 1015 de
939 951 1012 1041 ipso
1028 945 1173 1030 dictum,
1189 950 1393 1018 exsulantes

351 1060 640 1153 comprobassent3
656 1078 689 1128 et
704 1064 816 1128 statim
829 1085 934 1127 manu
945 1059 1108 1154 vultuque
1125 1059 1299 1128 indecoras
1313 1057 1394 1127 adu-

351 1168 491 1240 lationes
507 1173 681 1262 repressit,
699 1185 734 1236 et
750 1172 939 1264 insequenti
953 1168 1006 1236 die
1022 1171 1217 1262 (pravissimo
1233 1172 1394 1261 corripuit

351 1278 474 1362 edicto,
494 1277 734 1375 dominumque
755 1305 791 1348 se
811 1280 952 1373 posthac
972 1277 1151 1372 appellari,
1175 1302 1219 1346 ne
1239 1305 1258 1346 a
1282 1279 1392 1348 liberis

351 1390 486 1484 quidem
499 1409 558 1460 aut
569 1391 746 1484 nepotibus
759 1395 844 1473 suis,
855 1391 908 1460 vel
922 1394 1008 1458 serio
1021 1390 1074 1458 vel
1083 1387 1179 1482 joco,
1191 1412 1311 1483 passus
1322 1407 1390 1458 est:

351 1519 452 1598 atque
470 1501 662 1596 hujusmodi
681 1502 858 1574 blanditias
876 1507 976 1572 etiam
993 1506 1080 1570 inter
1098 1505 1190 1596 ipsos
1209 1501 1390 1594 prohibuit

350 1619 425 1682 Non
440 1629 564 1682 temere
581 1615 669 1682 Urbe
684 1612 851 1707 oppidove
870 1612 940 1681 ullo
955 1637 1124 1706 egressus,
1144 1630 1204 1678 aut
1222 1636 1391 1707 quoquam

350 1726 519 1814 ingressus
542 1739 608 1804 est,
630 1727 694 1789 nisi
711 1743 852 1815 vespera
873 1740 931 1790 aut
948 1730 1087 1800 noctu²,
1106 1745 1150 1788 ne
1172 1747 1274 1816 quem
1294 1723 1391 1790 offitii

351 1831 470 1902 causa³
484 1836 693 1926 inquietaret.
709 1838 748 1900 In
763 1831 940 1900 consulatu
953 1831 1094 1924 pedibus
1109 1831 1197 1912 fere,
1213 1849 1307 1899 extra
1317 1857 1392 1900 oon-

351 1943 497 2011 sulatum
520 1965 608 2034 saepe
633 1940 811 2035 adaperta4
834 1940 932 2024 sella,
958 1965 1019 2033 per
1045 1939 1220 2032 publicum
1247 1945 1389 2011 incessit

385 2163 449 2215 LIII.
469 2179 489 2214 ι.
505 2161 613 2215 Domini
625 2161 847 2235 appeliationem,
891 2174 946 2214 tum
960 2160 1090 2233 supplicio
1103 2180 1214 2232 eogere,
1225 2160 1252 2212 id
1262 2174 1303 2214 est
1312 2158 1391 2212 dami-

350 2255 400 2294 ete.
411 2243 450 2294 CI.
461 2242 525 2308 nio,
535 2242 592 2304 LV,
604 2259 642 2292 ra.
654 2244 732 2295 Oros.
741 2242 789 2305 VI,
800 2257 846 2292 aa:
892 2261 972 2306 aum,
986 2260 1039 2292 non
1052 2244 1241 2312 Imperatorem
1251 2258 1325 2303 esse;
1336 2265 1348 2288 v
1366 2254 1391 2292 et

353 2321 480 2372 eDomini
497 2318 702 2390 appellationem
720 2333 749 2370 ut
767 2318 847 2371 bomo
892 2321 957 2372 Plio.
974 2323 1099 2392 Panegyr.
1112 2337 1171 2390 cap.
1185 2337 1215 2384 a,
1231 2337 1307 2370 enon
1323 2319 1391 2370 enirn

350 2397 847 2469 declinavit-Namquemme-Verba
891 2398 925 2451 de
941 2412 1069 2471 tyranno,
1086 2398 1131 2450 sed
1147 2397 1180 2450 de
1196 2399 1271 2464 cire,
1290 2417 1345 2450 non
1359 2395 1390 2448 de

350 2480 419 2530 enirn
436 2478 553 2530 Suetonii
567 2475 696 2547 usquead
712 2495 799 2547 passus
813 2487 848 2529 est
891 2477 1005 2543 domino,
1015 2475 1061 2528 sed
1069 2473 1101 2527 de
1110 2487 1222 2546 parente
1230 2474 1388 2546 loquimur,-

350 2559 516 2611 verbotenus
527 2557 697 2628 transcripsit.
709 2554 847 2624 ldemdat,
892 2555 939 2607 ubi
947 2553 1095 2609 absurdeiu
1103 2554 1239 2607 nonnullis
1247 2554 1339 2620 est,de
1347 2553 1390 2606 lra-

350 2636 493 2709 aquodam
507 2636 602 2701 mimo,
620 2633 692 2705 quod
706 2636 848 2686 commovit
892 2635 970 2687 mine.
982 2637 1088 2698 Postea,
1100 2647 1225 2686 accurate
1233 2633 1390 2704 distinguere

350 2714 439 2768 meod
453 2713 642 2785 preferendam
657 2712 812 2779 lectionem,
830 2735 847 2764 a
891 2715 1046 2768 Suetonium
1057 2715 1196 2767 blanditias
1212 2713 1246 2765 ab
1259 2713 1390 2766 adulatio·

350 2795 445 2858 mimo,
456 2793 531 2844 alteri
538 2830 547 2858 ,
558 2794 586 2844 in
596 2792 691 2858 mimo,
702 2811 780 2862 quam
789 2811 848 2863 pro·
892 2796 978 2860 nibeis,
990 2813 1072 2866 quum
1081 2794 1131 2845 illae
1141 2795 1210 2844 inter
1222 2794 1316 2844 fratres
1326 2794 1390 2856 sint,

349 2871 447 2924 barunt
461 2874 546 2924 Burro.
558 2871 680 2924 Oudend.
697 2873 798 2924 Ernest.
812 2871 846 2924 ll·
891 2873 930 2926 bae
946 2874 1085 2927 adversum
1105 2885 1270 2946 potestates,
1290 2875 1390 2926 monuit

349 2949 403 3000 Iam
414 2949 548 3003 meliorem
563 2953 640 3002 etiam
655 2964 743 3002 censet
757 2948 848 3002 Malle·
888 2957 943 3025 jam
955 2953 1129 3006 Ceraubonus
1142 2952 1185 3004 ad.
1199 2952 1227 3003 b.
1240 2952 1257 3003 l.

349 3045 394 3080 ms
405 3029 433 3078 in
445 3028 568 3092 Sebedis,
589 3029 661 3100 quod
674 3041 804 3100 spectante
817 3047 846 3081 eo
928 3048 951 3082 a.
971 3030 1023 3082 Aut
1042 3041 1127 3082 nacta.
1147 3031 1225 3082 Conl.
1243 3031 1390 3096 Dio,LIV,

349 3104 424 3158 ludos
432 3107 486 3174 jam
497 3107 613 3158 conduct
623 3107 703 3158 verba
713 3109 740 3158 ia
751 3109 845 3170 mirso,
895 3123 941 3173 ro,
956 3107 991 3159 ad
1003 3126 1065 3159 ann.
1078 3109 1147 3178 735,
1159 3122 1186 3159 et
1199 3107 1234 3160 ad
1248 3127 1311 3161 ann.
1324 3111 1391 3178 741,

348 3201 435 3253 neque
452 3182 604 3254 simpliciter
620 3183 715 3236 dicitur
730 3201 847 3254 pronun·
892 3203 950 3256 cap.
965 3186 1007 3240 25.

348 3265 444 3316 ciatrem
456 3275 491 3316 est
503 3265 558 3314 sine
570 3281 683 3332 persona
696 3262 783 3314 addita
793 3283 800 3324 ;
812 3261 844 3314 de
925 3265 950 3316 3.
960 3265 1129 3336 Inquietaret.
1139 3267 1220 3317 Recte
1229 3263 1391 3328 sollicitaret,

349 3362 402 3415 quo
416 3356 501 3394 tamen
512 3340 614 3392 dubito.
628 3342 764 3406 Ceterum,
773 3340 845 3413 quod
891 3341 963 3411 quod
971 3356 1010 3394 est
1018 3345 1044 3394 in
1054 3361 1107 3393 uno
1115 3343 1240 3395 Torreat.
1248 3381 1257 3410 ,
1266 3343 1390 3397 Oudend.
1488 3359 1489 3372 ¹

348 3423 458 3476 Orosius
472 3423 619 3490 Augustum
634 3421 739 3470 Domini
757 3419 846 3490 appel·
890 3419 1020 3490 glossema
1036 3419 1147 3491 judicat.
1168 3424 1254 3474 Antea
1273 3423 1343 3474 idem
1360 3439 1392 3472 ex

347 3501 472 3554 lationem
495 3511 523 3552 ut
547 3498 678 3550 homiaem
702 3498 845 3551 declinasse
891 3499 1393 3575 optimislibrisediditvesperaJnlgo,

348 3581 427 3646 dicit,
442 3579 591 3632 Christiano
602 3578 697 3646 magis,
708 3595 788 3647 quam
797 3578 847 3628 Ro·
891 3599 998 3650 vespere.
1017 3581 1127 3633 Secutus
1143 3601 1201 3634 sum
1219 3584 1275 3653 ejus
1287 3581 1393 3636 watti-

347 3679 426 3712 mano
437 3677 513 3711 sensu
524 3655 679 3726 illamcepit.
692 3657 845 3708 Allomanis
891 3675 942 3730 que
954 3660 1145 3710 auctoritatem.
1486 3711 1487 3716 ,

348 3739 417 3790 enim
437 3736 564 3788 Dominae
584 3753 637 3786 non
659 3733 777 3799 bomini,
799 3733 845 3786 sed
926 3738 950 3804 4.
970 3737 1101 3807 Adaperta
1121 3737 1207 3798 sella,-
1230 3739 1248 3790 i.
1270 3756 1294 3790 e.
1315 3739 1392 3788 omui
1486 3741 1487 3802 l

347 3835 417 3869 servo
431 3817 589 3887 opponitur,
605 3826 630 3865 et
645 3811 778 3864 civilitatis
790 3813 845 3863 Au·
888 3813 1392 3886 partaaperta,utomnesvidereeum
1486 3805 1487 3838 ³

347 3897 418 3965 gusti
429 3893 617 3944 documentum
630 3891 693 3955 fuit,
708 3889 779 3962 quod
792 3909 846 3942 ser·
890 3906 915 3944 et
926 3891 1052 3944 accedere
1062 3895 1229 3963 possent,in
1241 3894 1392 3964 quamui-
1486 3959 1487 3964 ¹

347 3973 422 4024 rilem
435 3971 614 4024 adulationem
627 3968 762 4022 recusarit.
777 3970 845 4040 Apte
889 3990 931 4023 ma
944 3985 984 4024 est
994 3971 1115 4023 civilitas.
1130 3971 1172 4022 ΑΙ.
1184 3973 1319 4043 adoperta,
1329 3973 1391 4041 quae'

347 4051 478 4116 Reitzius,
503 4051 530 4102 in
555 4051 684 4116 Dictatis,
707 4060 845 4118 comparat
890 4065 957 4102 esset
978 4049 1062 4120 φιμΐιι
1082 4049 1248 4118 waimis,
1268 4063 1298 4102 at
1314 4049 1389 4114 Dio,

347 4127 450 4182 Sallust.
470 4131 529 4199 Jug.
550 4130 600 4200 85,
619 4127 633 4200 §
654 4128 703 4196 35,
724 4131 845 4182 «exerci-
888 4129 995 4198 XLVII,
1013 4129 1114 4195 to,rel
1131 4131 1210 4199 δίφρος
1226 4123 1388 4194 misem,
1485 4147 1487 4156 ⁴
