2982 5116
366 493 526 558 oorav,
552 492 809 566 AUGUSTUS.
1037 493 1102 582 ηε

80 618 179 700 lum³‚
192 639 293 712 quern
301 614 345 682 ad
355 616 588 707 praefecturam
597 619 743 709 AEgypti,
753 614 917 683 exinlima
925 631 1106 713 utrumque

61 726 207 794 *fortuna
218 741 425 818 prouexerat.
441 730 591 812 Quorum
602 725 766 806 alterum,
783 748 836 792 res
851 748 953 794 novas
966 725 1106 794 molien-

80 856 157 921 tem,
169 835 397 904 damnandum
409 838 542 904 Senatui
554 834 688 902 tradidit
701 863 708 900 :
721 835 831 917 alteri,
842 835 885 902 ob
897 839 1064 926 ingratum
1075 852 1109 903 et

79 947 275 1016 malevolum
287 948 451 1026 animum,
466 944 568 1013 domo
582 961 615 1012 et
631 945 829 1037 provinciisl
843 950 911 1013 suis
929 946 1106 1017 interdixit.

77 1059 136 1128 Sed
158 1058 254 1126 Gallo
277 1081 412 1150 quoque
435 1071 468 1124 et
488 1073 720 1125 accusatorum
743 1055 1051 1127 denunciationibus
1078 1075 1111 1126 et

77 1167 374 1248 Senatusconsultis
388 1166 430 1233 ad
446 1191 563 1234 necem
581 1166 770 1258 compuls0,
788 1167 953 1234 laudavit⁵
973 1170 1108 1263 quidem

76 1283 228 1371 pietatem
241 1293 332 1344 tanto
343 1300 444 1368 opere
453 1301 514 1368 pro
524 1300 559 1343 se
570 1275 831 1367 indignantium
844 1295 992 1344 ceterum
1001 1295 1035 1346 et
1045 1279 1112 1346 illa·

78 1392 241 1470 crimavit,
261 1403 294 1454 et
305 1390 519 1455 vicem'suam
533 1403 736 1482 conquestus
751 1404 816 1468 est,
836 1388 950 1481 «quod
969 1388 1030 1456 sibi
1050 1391 1112 1459 soli

76 1524 144 1566 non
154 1498 283 1580 liceret,
299 1499 428 1578 amicis,
444 1512 607 1591 quatenus
626 1495 741 1577 vellet,
756 1498 890 1563 irasci.»
908 1496 1038 1592 Reliqui
1053 1521 1112 1590 po-
1171 1563 1173 1568 .

77 1613 177 1677 tentia
196 1626 295 1701 atque
314 1606 433 1699 opibus
452 1606 495 1674 ad
513 1605 615 1672 finem
633 1609 708 1674 vitae
731 1608 782 1672 sui
804 1603 966 1701 cujusque
986 1607 1111 1676 ordinis

47 1799 50 1804 ,
76 1721 243 1810 principes
258 1716 459 1796 floruerunt,
473 1738 677 1810 quamquam
692 1730 726 1780 et
738 1713 874 1781 offensis
890 1717 1113 1784 intervenien-

74 1826 175 1896 tibus.
203 1825 408 1894 Desideravit
432 1827 522 1890 enim
542 1847 802 1917 nonnunquam,
828 1846 871 1889 ne
895 1822 937 1889 de
959 1823 1112 1916 pluribus

76 1939 234 2017 referam,
257 1951 290 2001 et
307 1941 353 2001 M.
369 1917 525 2027 Agrippae
541 1934 749 2026 patientiam,
771 1947 804 1998 et
821 1936 1012 2002 Maecenatis
1032 1937 1113 2002 taci-

75 2050 284 2125 turnitatem,
300 2041 425 2139 quum⁶
437 2043 493 2110 ille
505 2068 546 2110 ex
555 2042 619 2109 levi
633 2045 749 2133 rigoris
764 2044 965 2134 suspicione,
978 2061 1012 2112 et
1022 2045 1113 2140 quod

75 2157 257 2226 Marcellus
288 2155 349 2223 sibi
369 2155 601 2239 anteferretur,
622 2153 800 2247 Mytilenas
825 2177 876 2234 se,
894 2152 1016 2221 relictis
1041 2181 1113 2224 om-

75 2363 145 2414 enim
157 2365 254 2433 gessit,
270 2366 345 2435 prius
358 2365 518 2416 interemtus.
532 2362 573 2415 Gi.
654 2361 680 2414 6.
702 2363 786 2432 Quum
798 2360 883 2414 itte...
894 2361 1035 2433 Mytilenas
1049 2380 1114 2415 se...

73 2441 184 2512 interpr.
197 2441 232 2492 ad
243 2440 378 2493 Velleiuru.
619 2441 772 2502 contulisset.
790 2441 866 2492 Conf.
885 2439 973 2493 Tiber.
996 2447 1034 2490 to.
1053 2441 1115 2492 Non

108 2519 133 2570 3.
153 2517 190 2570 Et
205 2516 352 2569 Cornelium
368 2516 483 2570 Gallum.
498 2519 574 2570 Hunc
620 2533 715 2588 sponte
729 2519 838 2583 abiisse,
855 2517 902 2570 sed
917 2517 1065 2589 ablegatum
1080 2517 1115 2570 ab

72 2597 230 2665 praefecerat
242 2597 354 2666 AEgypto
364 2613 428 2647 ann:
440 2594 503 2662 7²4,
515 2607 576 2665 poet
619 2599 754 2669 Augusto,
766 2599 935 2650 consentiunt
946 2596 1039 2668 reliqui
1050 2599 1116 2648 scri·

73 2689 188 2728 mortem
203 2675 347 2746 Cleopatra
362 2678 471 2746 ejusque
482 2674 573 2746 prolis.
619 2687 717 2744 ptores.
728 2674 794 2740 Dio,
803 2675 870 2740 Llll,
880 2673 928 2738 32,
937 2671 972 2724 ad
981 2691 1042 2724 ann.
1054 2673 1115 2742 731,

72 2753 200 2818 nto,1.t,
219 2768 259 2821 ¹7·
272 2753 349 2802 Periit
362 2769 421 2802 ann.
437 2751 498 2819 728.
510 2745 575 2801 R'em
619 2773 674 2806 rem
691 2757 727 2806 ita
745 2767 850 2819 narrat,
869 2767 898 2804 ut
916 2771 1002 2824 neque
1021 2767 1116 2825 sponte

72 2847 161 2884 narrat
176 2834 244 2894 Diu,
256 2833 324 2898 Ull,
338 2832 379 2882 23.
392 2831 504 2881 Pertinet
516 2827 576 2880 Gal·
620 2832 711 2884 abierit
720 2835 852 2903 Agrippa,
861 2851 948 2904 neque
956 2833 989 2884 ab
996 2835 1116 2904 Augusto

4 2969 6 2976 Ι
73 2907 114 2962 lus
127 2910 162 2961 ad
174 2909 363 2960 celeberrimos
375 2908 444 2959 illius
456 2909 502 2959 aevi
513 2925 577 2978 poe·
621 2909 757 2980 ablegatus
779 2911 878 2975 fuerit,
900 2911 948 2964 sed
971 2924 1029 2963 orta
1049 2915 1118 2965 inter

72 3002 122 3041 tas.
142 2991 184 3041 De
203 2988 250 3040 illo
264 2988 322 3040 vide
341 2989 422 3059 lleyn.
438 2986 473 3038 ad
487 2984 575 3058 Virgil.
621 3009 681 3041 eum
701 3004 780 3060 atque
797 2988 951 3042 Marcellum
970 2991 1117 3059 simultate,
1196 3033 1200 3040 .

73 3066 125 3119 Ecl.
140 3070 193 3134 vt,
210 3084 258 3135 72,
274 3079 300 3118 et
312 3065 347 3116 ad
358 3061 413 3117 Eel.
425 3065 467 3127 X,
489 3066 575 3115 Bursa.
620 3086 670 3130 ne,
689 3069 710 3118 si
731 3085 785 3119 uno
800 3067 878 3120 ambo
893 3083 1029 3121 manerent
1042 3069 1120 3138 loco,

72 3161 97 3199 et
111 3145 242 3200 Oudend.
257 3144 332 3197 adh.
347 3143 365 3195 l.
622 3146 756 3196 contentio
765 3159 907 3210 cresceret,
917 3147 944 3196 in
951 3148 1050 3218 Syriam
1058 3150 1119 3200 mis·

106 3227 133 3292 4.
153 3224 304 3276 Provinciis
317 3223 381 3283 suis3
393 3222 530 3282 Cesareis3
544 3218 578 3271 de
622 3241 679 3287 sae,
689 3223 732 3272 cui
741 3235 877 3292 praeesset,
888 3225 1051 3291 provinciam
1062 3243 1119 3278 eam

72 3301 173 3372 quibus
185 3300 289 3352 dictum
300 3297 335 3350 ad
346 3317 404 3370 cap.
418 3295 461 3368 ⁴7.
483 3346 486 3354 ‚
621 3318 671 3371 per
680 3298 781 3369 legatos
791 3302 898 3365 rexerit,
909 3302 966 3372 ipse
976 3301 1052 3374 Lesbi
1061 3323 1120 3375 per·

108 3385 134 3440 5,
144 3381 388 3454 Laudavitquidem
394 3381 516 3452 pietatem
523 3388 579 3428 tan·
622 3378 755 3428 manserit.
767 3377 878 3428 Videtur
890 3395 953 3430 sane
965 3380 1014 3430 Dio
1026 3383 1053 3431 in
1067 3381 1119 3433 hac

64 3473 98 3512 -to
112 3479 191 3533 opere
209 3478 258 3531 pro
276 3477 302 3511 te
319 3457 520 3530 indiqnantium.
536 3457 577 3508 Sic
623 3457 772 3506 narratione
781 3459 1119 3529 amoremrigrippae,quem

72 3539 157 3590 Tacit.
183 3535 282 3590 Annei.
303 3538 354 3602 lll,
374 3537 417 3599 51,
438 3547 579 3605 postquam
622 3533 721 3605 ubique
736 3532 837 3602 prodit,
855 3536 920 3585 citra
933 3537 971 3586 rei
984 3539 1121 3589 veritatem

72 3616 186 3670 ductum
200 3619 229 3668 in
238 3633 370 3668 carcerem
379 3614 517 3664 Lutorium
526 3613 579 3662 Pri·
623 3629 680 3663 esse
701 3625 815 3664 secutus.
834 3614 902 3665 Nam
920 3615 1003 3664 Tacit.
1024 3614 1119 3666 Annal.

72 3691 580 3767 mumatqueexanirnatumdixit,per·
622 3691 691 3756 xlv,
719 3691 773 3754 53,
800 3689 974 3761 Mytilenense
998 3703 1120 3744 secretum
1232 3751 1235 3757 Ι
1288 3754 1289 3758 ¹
1358 3723 1361 3730 ,

71 3777 125 3845 git:
142 3773 197 3826 ald
206 3773 329 3824 Tiberius
339 3769 423 3822 solitis
433 3767 580 3822 sihiamba·
623 3771 744 3840 Agrippa*
765 3769 799 3821 ab
820 3773 939 3839 Augusto
963 3766 1118 3839 permissum

72 3853 152 3924 gibus
182 3851 258 3923 apud
284 3863 404 3902 senatum
431 3850 579 3913 incusavit,
624 3847 777 3910 dicit3Plin.
788 3849 854 3897 Hist.
866 3850 924 3898 Nat.
936 3847 1119 3918 vtt,45(t6)‚

72 3951 158 4004 quum
176 3929 318 3983 extolleret
329 3929 452 3999 pietatem
466 3928 582 3998 quamvis
623 3925 770 3999 pudendam
790 3925 913 3997 Aqrippoe
932 3920 1121 3998 allepationem'

73 4013 194 4063 modicas
217 4009 343 4080 principis
363 4005 471 4078 injurias
491 4005 583 4056 acriter
626 4003 1119 4074 interAugustiinfortuniarefert,quo

73 4087 268 4148 ulciscentium,
274 4109 284 4149 ,·
314 4085 500 4156 deprecaretur
529 4093 581 4134 tam
626 4079 687 4132 loco
701 4101 751 4152 pro
767 4080 1123 4152 e'bieyatiolegendurnaiie-

71 4169 226 4240 precipites
238 4167 369 4218 vebomm
379 4179 497 4234 peenas.»
601 4203 605 4214 .
627 4162 714 4226 natio,
734 4174 829 4213 temere
847 4162 1000 4214 Torrentius
1019 4163 1052 4214 ad
1071 4179 1123 4214 no-

935 4254 983 4318 18.
