3036 5128
344 519 405 592 rod
713 509 750 572 C.
776 507 1009 575 SUETONII

337 660 455 718 esse„
476 634 615 715 dixerit,
634 636 849 729 amoverique
867 635 978 718 ocius,
996 657 1061 704 nec
1079 637 1240 729 cuiquem
1257 635 1371 704 ostendi

334 743 491 841 jusserit,
510 771 554 814 ne
571 746 731 840 patientia
749 759 784 812 et
799 745 984 837 pertinacia
1001 743 1107 814 hostis
1125 746 1230 814 animi
1248 769 1372 814 euonm

336 859 584 952 frangerentur.
602 862 736 945 Quanta
752 855 949 924 fortitudine
969 854 1177 936 dimicarint,
1195 859 1374 926 testimonio

338 987 407 1054 est,
433 968 542 1066 quod,
568 968 711 1036 adverso
733 965 838 1035 semel
860 965 952 1060 apud
975 966 1225 1061 Dyrrhachium
1249 967 1374 1060 praelio,

337 1103 472 1172 poenam
487 1081 522 1145 in
539 1101 576 1147 se
594 1074 685 1146 ultro
702 1074 993 1170 depoposcerunt:
1014 1077 1074 1144 ut⁶
1088 1075 1315 1146 consolandos
1328 1087 1376 1146 e'os

336 1193 445 1284 magis
453 1194 649 1286 imperator,
660 1213 763 1286 quam
772 1187 979 1283 puniendos,
989 1187 1156 1258 babuerit.
1167 1191 1297 1258 Ceteris
1308 1213 1377 1282 pra·

336 1299 410 1384 liis,
427 1303 622 1370 innumeras
643 1300 913 1369 adversariorum
928 1301 1061 1393 copias,
1082 1298 1220 1368 multis?
1234 1299 1376 1394 partibus

336 1413 401 1505 ipsi
416 1407 610 1504 pauciores,
626 1409 723 1479 sacile
741 1427 956 1504 superarunt.
974 1414 1128 1506 Denique
1141 1435 1210 1478 una
1224 1427 1328 1479 sextae
1340 1409 1379 1478 le

338 1524 446 1616 pionis
467 1521 607 1608 cohors,
629 1525 811 1617 praeposita
828 1520 985 1606 castello,
1004 1537 1154 1618 quatuor
1171 1523 1324 1614 Pompeii
1340 1521 1380 1589 le·

336 1637 453 1728 giones
471 1659 532 1728 per
550 1634 678 1730 aliquot
698 1633 799 1702 horas
818 1636 995 1718 sustinuit,
1015 1655 1113 1727 paene
1131 1635 1241 1701 omnis
1256 1631 1379 1700 confixa

337 1745 555 1814 multitudine
575 1745 751 1815 hostilium
771 1747 986 1840 sagittarum,
1006 1743 1173 1842 quarum⁸
1192 1760 1332 1812 centum
1346 1767 1380 1812 ac

335 1909 410 1981 quod
422 1909 645 1964 admixtumlacte
655 1909 767 1964 multum
779 1913 839 1964 ino·
919 1926 944 1981 7.
966 1909 1062 1964 Multis
1077 1909 1193 1982 partitus
1210 1907 1261 1979 ipsi
1276 1907 1380 1979 paucio·

335 1989 407 2060 piam
421 1987 537 2040 levabat.
551 1989 580 2042 ld
594 1989 629 2041 ad
642 1988 839 2044 similitudinem
884 2005 993 2060 res,etc.
1001 1989 1069 2044 Vide
1078 1991 1144 2064 quid
1152 1989 1186 2042 ad
1194 1990 1313 2042 Nervam
1322 1989 1381 2042 duce

335 2068 414 2140 panis
426 2066 583 2119 efficiebant.
596 2069 659 2139 Ejus
672 2082 728 2121 erat
741 2086 840 2138 magna
884 2071 979 2124 Carolo
987 2070 1036 2122 XII
1046 2068 1124 2121 Saeci
1135 2069 1194 2121 ausi
1202 2080 1280 2132 sunt,
1291 2065 1324 2118 de
1336 2084 1382 2136 qua

335 2147 423 2216 copia.
431 2147 468 2198 Ea
475 2144 528 2198 boc
535 2147 647 2200 effectos
655 2165 749 2219 panes,
758 2167 840 2221 quum
883 2149 993 2201 victoria
1002 2149 1149 2214 rotante,
1160 2147 1231 2200 Hist.
1242 2145 1275 2198 de
1287 2144 1383 2198 Charin

334 2225 513 2299 incolloquiis
520 2229 674 2300 Pompeiani
683 2230 781 2281 famem
792 2248 840 2281 no·
883 2229 941 2282 ΧΠ
958 2228 1044 2300 (part.
1058 2231 1087 2293 1,
1104 2245 1163 2299 cap.
1179 2225 1249 2298 ιι)ι
1267 2228 1382 2279 «Toutes

334 2306 394 2358 stria
413 2304 684 2376 objectarent‚vulgo
699 2307 726 2357 in
742 2325 788 2359 eoa
796 2309 839 2376 ja-

335 2383 459 2450 ciebant,
479 2397 508 2436 ut
529 2403 603 2456 spem
625 2403 717 2438 eorum
736 2389 840 2437 minue-

335 2476 424 2514 rent·
448 2461 513 2516 Plin.
536 2466 603 2516 ilict.
626 2466 688 2517 Nat.
708 2465 785 2530 xm,
804 2465 838 2528 8,

335 2540 401 2611 (41,
419 2541 461 2596 ed.
475 2543 600 2615 Franz.):
619 2545 696 2596 «Nec
712 2563 767 2596 non
780 2543 840 2595 olus

335 2639 444 2694 quoque
452 2620 570 2674 silvestre
580 2634 621 2673 est
629 2623 707 2672 trium
716 2621 841 2673 loliorum

334 2699 411 2771 (alii,
423 2701 626 2772 triumphorum,
640 2697 713 2772 quod
723 2701 842 2771 pertine·

337 2793 377 2832 ret
388 2779 423 2831 ad
436 2799 549 2852 sequens
560 2779 694 2850 comma),
707 2779 766 2831 Divi
778 2778 842 2831 tulii

336 2858 498 2910 carminibus
512 2860 643 2930 praecipue
654 2857 778 2929 jocisque
792 2857 842 2908 mi·

337 2934 456 2989 litaribus
466 2936 641 3000 celebratum
651 2937 758 2990 alternis
767 2939 841 3008 quip-

336 3033 371 3086 pe
382 3013 500 3068 versibus
511 3014 716 3085 exprobravere,
731 3015 840 3087 lapsana

337 3111 366 3146 te
376 3093 470 3145 vixisse
480 3093 551 3164 apud
561 3092 769 3165 Dyrrhachium,
779 3115 842 3168 prar-

338 3172 451 3226 miorum
474 3173 666 3244 parcimoniam
691 3171 842 3227 cavillantes

336 3251 382 3322 (in
395 3271 450 3323 quo
462 3264 532 3303 errat
544 3251 641 3323 Plin.);
660 3267 698 3304 est
712 3265 800 3305 autem
815 3251 842 3306 id

886 2329 898 2352 ι
907 2306 946 2359 les
955 2305 1082 2359 relations
1091 2304 1125 2359 de
1134 2324 1165 2357 ce
1174 2304 1317 2376 temps-la,
1329 2317 1383 2356 tous

886 2409 897 2432 ι
907 2385 944 2438 les
951 2383 1093 2438 historiens
1101 2403 1161 2438 tans
1169 2385 1385 2456 exception,fout

887 2489 898 2513 ι
908 2478 1011 2518 montet
1019 2463 1124 2518 l’artnee
1132 2481 1206 2516 rutae
1215 2463 1314 2516 devant
1324 2463 1386 2514 Nar·

887 2562 940 2596 aaa
954 2547 969 2596 i
984 2546 1166 2615 quatre-vingt
1179 2541 1251 2595 mille
1267 2542 1386 2594 combut-

887 2635 987 2675 «tanta.
1008 2625 1058 2676 Lea
1078 2623 1219 2676 memoires
1242 2621 1323 2694 qu'on
1340 2620 1386 2674 m'a

888 2723 899 2748 ι
908 2702 957 2752 fair
965 2700 1126 2754 tenirdisent
1132 2704 1267 2767 soixante,
1276 2701 1386 2754 d'sutret

888 2803 900 2826 ι
910 2793 1038 2852 quaranta
1045 2778 1116 2833 mille
1123 2802 1129 2832 :
1137 2783 1202 2853 quoi
1210 2779 1275 2850 qu'il
1283 2799 1317 2834 en
1325 2782 1387 2842 soit,

889 2858 930 2910 «it
952 2871 991 2911 est
1010 2860 1111 2912 certain
1132 2877 1185 2930 que
1202 2859 1314 2912 Charles
1333 2858 1389 2912 a'en

888 2959 899 2984 ι
910 2940 981 2991 croit
991 2957 1040 3009 pas
1050 2940 1118 2990 neul
1125 2937 1208 3004 mille,
1220 2952 1247 2991 et
1259 2957 1312 3010 que
1323 2951 1391 2992 cette
1491 2938 1492 2941 ’

888 3039 899 3063 ι
906 3017 1021 3086 journde
1027 3030 1068 3069 eat
1075 3035 1127 3069 une
1133 3016 1166 3068 de
1173 3016 1254 3071 celles
1260 3019 1307 3090 qui
1313 3037 1390 3090 prou·

889 3117 900 3140 ι
910 3107 972 3146 vent
982 3113 1035 3166 que
1044 3094 1081 3149 les
1091 3093 1336 3167 prandearictoires
1343 3110 1391 3149 ont

889 3187 1024 3226 «convent
1044 3176 1086 3226 έῑό
1109 3176 1273 3245 remportdes
1294 3195 1345 3246 par
1367 3174 1390 3226 le

889 3253 971 3324 «plus
983 3256 1050 3325 petit
1061 3252 1186 3321 nombre,
1199 3251 1294 3324 depuis
1307 3255 1392 3308 laba·

889 3354 900 3378 ι
912 3332 983 3385 taille
992 3331 1145 3384 d'Arbelles.
1156 3355 1167 3379 a

339 3409 403 3462 cea.
415 3408 431 3460 Ι.
443 3427 467 3460 c.
477 3406 701 3474 anacteam,
713 3422 781 3461 nost.
792 3407 841 3462 Ed.
923 3412 948 3465 8.
972 3413 1087 3482 Quanam
1107 3423 1212 3464 centum
1230 3429 1263 3463 ac
1284 3411 1394 3486 eripiatis

339 3502 358 3541 t.
367 3489 404 3554 11,
413 3485 440 3560 'p.
451 3485 585 3553 atavtde
594 3486 730 3539 Plancus.
744 3487 788 3556 39.
886 3489 987 3558 taillia,
999 3503 1048 3543 etc.
1062 3492 1126 3544 Cas.
1138 3489 1392 3556 netl.civ.111‚5³=

375 3565 401 3621 6.
418 3566 453 3618 Ut
465 3565 634 3620 consolandos
646 3584 700 3630 eos,
716 3578 767 3620 etc.
778 3567 842 3621 Caea.
890 3568 995 3624 uMillia
1010 3571 1164 3642 sagittarum
1177 3571 1282 3624 circiter
1296 3572 1394 3642 trigin-

340 3627 476 3699 BelljiCiv.
493 3646 544 3712 111,
560 3645 609 3716 73:
624 3643 760 3696 ucaesar...
777 3663 844 3696 con·
888 3661 931 3714 ta,
946 3649 973 3701 in
989 3646 1126 3702 castellum
1140 3649 1279 3718 conjecta,
1295 3649 1394 3702 Catari

340 3725 444 3778 cione’m
459 3725 531 3798 apud
545 3723 639 3777 milites
654 3722 765 3791 babuit,
779 3723 844 3776 hor·
886 3741 1122 3782 renumeraverunt
1127 3750 1134 3792 ;
1143 3752 1154 3776 a
1164 3746 1241 3800 quem
1249 3728 1339 3782 locum
1347 3726 1395 3781 alii

340 3815 463 3876 ratusque
476 3818 532 3873 est,
546 3807 586 3858 Ne
598 3823 646 3871 ea,
659 3823 717 3877 quae
731 3803 845 3857 accidis·
889 3825 920 3860 ex
930 3806 1068 3872 Suetonio,
1079 3806 1123 3858 alii
1132 3807 1289 3860 Suetonium
1300 3807 1395 3860 exce

341 3895 418 3948 tent,
439 3887 553 3954 graviter
572 3886 691 3950 ferrent,
714 3903 781 3938 neae
802 3883 843 3936 his
888 3904 948 3939 sare
970 3885 1158 3958 corrigendum
1181 3901 1301 3940 censeat.
1326 3884 1394 3938 Mihi

341 3960 421 4039 rebus
443 3975 617 4033 terrerentur,
638 3964 781 4038 multisque
801 3982 845 4016 te-
888 3965 1007 4019 Suetonii
1016 3963 1394 4037 numernsprobabiliorvide·

342 4038 436 4092 cundia
450 4041 543 4111 praeliis
554 4062 638 4096 unum
649 4044 804 4111 adversum,
819 4058 846 4095 et
890 4057 948 4111 tur,
966 4063 1047 4116 quum
1066 4047 1088 4097 is
1108 4057 1222 4116 quatuor
1241 4042 1392 4116 legionibus

344 4117 372 4170 rd
392 4117 543 4190 mediocre,
563 4139 746 4195 opponerent,
767 4139 842 4178 etc.»
891 4143 981 4177 omnes
993 4124 1130 4198 pharetras
1145 4137 1238 4176 contra
1252 4141 1392 4197 oppugna·

337 3348 413 3403 cyma
421 3328 666 3392 silvestris‚··ubicf.
674 3327 800 3382 llard.uti
807 3328 842 3383 ad

347 4193 411 4249 Vide
425 4198 538 4269 Appian.
554 4221 612 4274 cap.
628 4205 671 4258 63.

891 4218 932 4258 tos
942 4204 1144 4258 exonerantibus
1155 4205 1238 4276 magis
1251 4215 1390 4276 congruat.
