2982 5116
389 530 548 596 OCTAV.
575 531 836 598 AUGUSTUS.
1068 541 1132 603 285

143 661 288 726 LXXIII.
315 661 532 726 instrumenti
548 655 621 750 ejus
644 675 677 726 et
696 657 909 750 supellectilis
930 664 1135 753 parcimonia

97 785 234 863 apparet
244 770 344 836 etium
352 791 460 850 nunc,
471 765 612 835 residuis
624 766 716 834 lectis
729 783 830 862 atque
839 772 979 852 mensis,
990 795 1135 866 quorum

96 878 254 973 pleraque
267 880 322 944 vix
335 881 473 970 privatae
487 877 658 970 elegantiae
672 881 738 944 sint
747 888 768 944 ¹.
783 883 830 946 Ne
845 895 918 947 toro
931 880 1068 974 quidem
1082 907 1133 950 cu-

96 989 206 1056 buisse
220 991 330 1071 aiunt,
344 990 406 1056 nisi
421 986 540 1055 humili
555 1004 587 1055 ct
602 985 732 1054 modice
746 990 917 1055 instrato².
937 989 1054 1059 Veste³
1066 1017 1134 1060 non

95 1113 220 1164 temere
231 1097 296 1164 elia
310 1121 413 1192 quam
429 1095 609 1165 domestica
624 1119 704 1165 usus
720 1114 785 1178 est,
802 1098 845 1165 ab
860 1085 973 1166 sorore
985 1117 1017 1166 et
1031 1126 1135 1170 uxore

96 1225 128 1275 et
149 1207 218 1275 filia
241 1209 463 1303 neptibusque
488 1210 654 1276 confecta:
683 1207 801 1300 togisl,
826 1234 935 1303 neque
959 1214 1134 1298 restrictis,

95 1338 204 1410 neque
214 1316 296 1384 fusis
309 1343 316 1382 :
330 1317 440 1401 clavo,
451 1316 606 1400 neclato,
618 1341 680 1385 uec
689 1334 848 1409 angusto:
860 1319 1084 1390 calciamentis
1093 1323 1136 1392 al·

95 1427 280 1508 tiusculis⁵,
293 1443 331 1494 ut
341 1431 521 1520 procerior,
535 1453 637 1523 quam
648 1446 735 1511 erat,
746 1426 924 1497 videretur.
941 1435 983 1497 Et
991 1432 1136 1500 forensia

94 1554 207 1605 autem
223 1555 257 1605 et
272 1540 400 1606 calceos
417 1564 590 1634 nunquam
609 1564 678 1608 non
693 1543 778 1606 intra
795 1541 986 1610 cubiculum
1002 1542 1133 1626 habuit,
1183 1629 1185 1634 Ι

94 1647 136 1714 ad
150 1646 278 1716 subitos
292 1653 551 1744 repentinosque
564 1675 660 1718 casus
675 1668 799 1743 parata.

138 1760 284 1825 LXXIV.
309 1759 553 1826 convivabatur
573 1776 606 1826 et
628 1761 774 1842 assidue,
798 1783 860 1826 nec
878 1773 1046 1854 unquam¹
1070 1765 1134 1830 nisi

94 1884 201 1952 recta,
222 1893 291 1936 non
314 1872 386 1937 sine
408 1893 530 1963 magno
553 1869 708 1938 ordinum
732 1872 976 1966 bominumque
998 1873 1131 1941 dilectu.

93 1978 245 2048 Valerius
258 1981 421 2048 Messala²
434 1981 548 2066 tradit,
562 1987 730 2051 nemiuem
743 2009 893 2080 unquam
902 1984 1134 2056 libertinorum

128 2163 243 2216 LXXIII.
267 2182 289 2217 r.
303 2165 369 2218 Sint.
381 2167 471 2219 Malim
484 2186 544 2220 cum
556 2167 593 2220 al·
637 2169 1136 2242 vestis,nonmilleponderibusauttor·

95 2256 150 2294 tero
162 2245 219 2296 tts.
229 2255 297 2297 sunt.
310 2244 381 2300 Alias
393 2245 489 2299 dixisse
501 2249 592 2301 Sueto·
636 2248 731 2300 mentis
745 2247 884 2318 splendere
896 2250 1050 2319 cogentibus
1061 2271 1136 2324 pros·

94 2321 167 2372 nium
186 2325 290 2393 opinor,
306 2323 424 2394 fiterint,
442 2345 492 2397 pro
509 2327 591 2380 Graec.
637 2343 679 2388 su;
692 2325 738 2378 sed
749 2326 887 2379 domestica
899 2338 924 2378 ct
936 2329 1006 2397 vitis,
1020 2349 1135 2384 uecser-

94 2393 134 2453 «In
146 2399 185 2453 ἄν.
635 2403 787 2472 vandu,nec
795 2405 921 2458 sumenda
929 2407 1046 2460 sollicite.
1054 2433 1065 2457 s
1073 2410 1136 2462 Vul-

130 2495 154 2529 π.
174 2479 211 2530 Et
223 2479 323 2532 modice
335 2481 455 2541 lustrator
467 2481 484 2533 i.
499 2499 521 2532 s.
534 2480 593 2532 uul-
636 2501 726 2555 garem
740 2484 880 2536 verborum
896 2484 1015 2537 ordinem
1029 2499 1135 2540 tuentur

93 2558 124 2610 lis
138 2561 262 2632 pretiosis
274 2560 411 2630 stragulis,
426 2561 521 2634 quibus
537 2562 592 2612 Ilo-
636 2561 720 2614 wott.
728 2573 754 2612 et
761 2561 891 2614 Walther.
901 2562 1011 2616 Obscrs.
1021 2583 1081 2636 pag.
1094 2583 1135 2635 19,

93 2641 163 2690 mani
178 2657 253 2709 seque
265 2639 468 2712 superbiebant,
484 2659 515 2693 ac
529 2641 593 2693 toris
637 2641 683 2710 qui
694 2640 787 2709 etipse
797 2639 960 2690 domesticam
969 2655 1066 2692 vestem
1077 2645 1136 2694 sim·

94 2717 241 2771 altioribus.
636 2717 775 2788 pliciorem
784 2715 904 2768 habitum
915 2735 971 2769 esse
980 2731 1070 2789 putat,
1081 2739 1135 2772 non

128 2795 154 2849 3.
177 2797 251 2850 Veste
267 2809 426 2850 conterrere
440 2798 495 2850 atta
513 2816 593 2870 quum
638 2807 743 2859 temere,
758 2793 784 2844 h.
801 2811 823 2844 s.
839 2813 894 2846 uon
910 2808 1005 2866 preter
1017 2797 1135 2867 singula-

93 2873 231 2928 domestr'ca
243 2893 302 2928 usus
315 2889 364 2942 est,
377 2890 427 2928 etc.
446 2875 533 2927 Placet
544 2879 594 2927 mi·
637 2891 692 2925 rem
702 2889 809 2924 causum
819 2889 879 2923 eum
892 2872 1070 2944 splendidiore
1081 2877 1135 2929 sire

93 2951 594 3026 bi,utplsrisqueiuterpretibus,trans-
632 2952 734 3024 forensi
743 2964 882 3003 mutatum.

92 3033 193 3102 positio
213 3033 370 3098 verborum,
393 3043 471 3105 quum
492 3035 593 3105 primus
673 3029 698 3097 4.
719 3029 836 3102 Tafis...
839 3030 916 3101 fusis.
926 3029 966 3082 CI.
975 3031 1009 3083 ad
1017 3033 1082 3085 css.
1090 3031 1132 3100 45.

94 3113 176 3162 suasit
189 3111 358 3164 Torrentius:
374 3113 472 3163 «Veste
485 3129 540 3163 non
554 3126 593 3162 te-
637 3109 745 3161 Clarum
757 3123 843 3160 autem
854 3107 918 3160 dum
926 3111 1006 3180 gessit
1013 3113 1092 3180 justae
1101 3111 1136 3162 la·

92 3189 445 3244 mureuliadomesticautus
455 3204 503 3256 est,
514 3209 593 3262 quam
638 3188 768 3255 titudinis,
780 3205 835 3238 uon
842 3189 957 3242 imitatus
968 3203 1006 3240 est
1014 3187 1135 3242 homines

94 3265 127 3318 ab
145 3285 254 3335 sorore,
272 3281 343 3320 ete·
364 3269 432 3319 Nam
451 3255 532 3340 quum
547 3271 594 3321 do·
636 3265 823 3337 elegantiores,
839 3270 885 3339 qui
899 3267 1018 3318 latiorem
1033 3285 1134 3339 purpu-

93 3347 199 3399 ruestr'ca
218 3349 293 3400 vestis
313 3361 465 3419 opponatur
484 3350 549 3422 topr'r
567 3361 593 3399 et
636 3364 692 3397 ram
705 3343 848 3397 habebant.

89 3423 235 3492 formu'bus
250 3425 331 3478 scilic.
349 3426 524 3489 vestimentis,
537 3441 592 3476 nou
673 3423 697 3476 5.
719 3424 902 3476 Calciamentis
919 3423 1079 3486 oltr'uscult's,¹
1095 3428 1135 3478 uti

93 3502 592 3576 potestessedorniconfectu,sedquam
637 3505 733 3569 Cesar,
752 3504 799 3574 qui
819 3515 926 3554 auctore
944 3505 1021 3554 Dion.
1036 3505 1134 3567 XLIII,

93 3579 166 3634 dorni
176 3581 295 3655 yerebat,
307 3597 338 3635 ut
348 3584 434 3636 Vitell.
448 3602 479 3653 9,
494 3586 552 3634 «itu
563 3597 593 3635 ut
637 3584 685 3651 43,
696 3583 725 3651 τῇ
737 3571 844 3635 trasiae
857 3577 933 3653 ὑψηλῇ
945 3582 1034 3652 ixpirs.

94 3673 165 3728 erat,
178 3663 206 3713 r'n
220 3673 286 3714 veste
297 3663 434 3715 domestica
445 3665 593 3733 Imperator
671 3661 776 3713 LXXIV
778 3703 784 3713 .
807 3679 829 3713 r.
843 3664 899 3716 Nee
911 3681 1026 3734 unquam
1038 3664 1088 3716 nisi
1099 3683 1134 3717 re·

94 3751 132 3790 est
144 3741 355 3793 consalutatus.»
369 3744 490 3795 Fortasse
504 3754 592 3792 tamen
636 3752 692 3802 cta,·
704 3739 760 3792 scil.
771 3759 860 3807 coena,
870 3740 916 3791 ubi
924 3739 1133 3794 crdInediscum-

94 3819 203 3871 cumino
219 3831 259 3871 est
269 3821 348 3872 restis
360 3817 432 3883 uilis,
449 3818 522 3871 baud
535 3835 593 3888 pre·
637 3817 730 3870 bereut
741 3820 865 3869 convive.
877 3820 1135 3892 Oppcnitursportu·

93 3897 170 3948 tiosu.
181 3898 254 3951 Facit
262 3896 314 3950 huc
322 3897 397 3951 locus
405 3897 464 3949 Seu.
472 3897 593 3950 deTrau-
638 3897 679 3948 loe.
692 3895 804 3948 Martini.
817 3897 904 3966 Epigr.
915 3897 975 3961 vu,
989 3897 1039 3965 50,
1051 3916 1097 3952 ro:

94 3973 167 4042 quill.
179 3976 229 4027 An.
242 3993 300 4048 cap.
312 3993 337 4028 1:
352 3977 458 4028 «Tenet
469 3995 512 4028 me
523 3991 592 4027 sum·
637 3983 736 4025 Promissa
743 3990 775 4023 est
781 3980 839 4023 nobis
846 3980 948 4037 sportam
956 3993 1010 4024 recu
1016 3981 1063 4025 deu
1069 3995 1106 4027 ess.

93 4071 151 4107 mus
159 4059 421 4129 umorparcimouiae,
430 4058 528 4110 fateor:
537 4056 593 4128 pls·
638 4089 670 4096 -
683 4055 789 4108 Dilecta
800 4073 860 4106 cum
872 4053 992 4122 pluribus
1005 4055 1076 4112 MSS.
1088 4057 1133 4110 de-

92 4147 136 4185 cet
147 4153 199 4186 non
213 4139 241 4188 r'n
251 4137 419 4189 ambitionem
432 4137 517 4189 cubile
526 4155 594 4190 com·
638 4135 736 4204 dimus,
747 4137 786 4187 uti
797 4151 875 4205 supra
887 4153 944 4205 cap.
958 4136 1000 4187 31.

91 4215 224 4281 positum,
249 4235 301 4269 non
324 4235 354 4266 ex
375 4217 468 4271 arcula
489 4215 593 4288 prolata
675 4233 697 4268 n.
720 4213 838 4269 Valerius
849 4213 959 4267 Messala
966 4217 1062 4285 ,cujus
1075 4235 1134 4268 con-
