3122 5134
338 515 416 564 ιιιιι
579 493 828 562 RECENSUS
850 491 1141 559 EDlTIONUM

377 650 417 664 -
426 615 590 678 Suetonius
603 614 643 676 de
660 616 723 676 vita
740 635 785 676 ιιι
800 615 964 676 Caesarum.
977 613 1046 675 Fol.
1059 635 1081 674 s.
1094 636 1126 674 n.
1141 614 1203 676 let
1212 627 1337 700 typogr.
1348 652 1386 664 —

340 715 440 777 Maitt.
457 736 488 798 p.
503 711 539 790 lu
548 736 573 774 ι.
585 715 702 776 Panaer
715 715 750 774 T.
762 714 820 789 lv,
833 736 866 796 p.
883 713 931 774 23.

383 812 468 890 1488.
489 816 524 876 C.
546 815 685 876 Suetonii
705 812 881 896 Tranquilli
903 813 942 873 de
958 813 1030 874 Vita
1050 833 1097 876 ιιι
1118 812 1291 888 Caesarum,
1316 833 1388 874 eum

338 909 422 972 Phil.
433 911 575 974 Beroaldi
591 913 654 972 vita
664 911 809 974 Suetonii.
826 913 863 972 ln
876 911 975 994 prima
989 913 1104 994 pagina
1119 911 1220 971 ultimi
1236 911 1305 973 folii
1325 913 1390 993 pri·

339 1033 427 1076 nrum
439 1011 564 1096 quidem
575 1011 688 1093 legitur
701 1033 828 1093 sequens
842 1035 856 1066 ιι
868 1010 906 1071 ad
920 1011 1064 1072 lectorem
1075 1037 1088 1068 a
1101 1011 1276 1072 monitum:
1291 1037 1306 1067 ιι
1317 1013 1391 1090 Qui-

339 1129 463 1190 cunque
480 1107 697 1190 Tranquillum
716 1107 971 1168 emendatissimos
992 1106 1131 1168 lectionis
1150 1106 1264 1169 habere
1285 1109 1390 1191 cupis:

339 1204 425 1268 huno
445 1225 511 1266 eme
523 1229 531 1265 ι
544 1208 574 1265 et
591 1225 713 1266 securus
727 1204 788 1288 abi.
806 1205 885 1266 Nam
905 1205 1010 1265 Simon
1033 1204 1189 1287 pasqualis
1209 1207 1391 1267 Jodertinus

339 1303 491 1382 (vestrum
508 1303 663 1364 ardulides
682 1303 840 1383 delitium)
858 1315 1000 1364 accurata
1022 1303 1054 1364 id
1072 1304 1133 1386 egit
1153 1303 1389 1366 emendatione:

340 1411 377 1460 ut
389 1398 473 1482 quod
487 1399 635 1482 impediat
649 1399 781 1480 legentes
790 1397 856 1480 jam
873 1399 986 1460 frustra
1002 1399 1052 1461 hic
1067 1402 1273 1483 perquiratur.
1294 1421 1392 1481 quate

341 1498 389 1558 vel
405 1519 442 1558 ex
459 1497 517 1558 hac
533 1499 733 1580 impressione
744 1519 843 1558 vuum
861 1497 973 1558 habeas
993 1499 1040 1560 vel
1055 1499 1179 1560 nullum
1190 1498 1392 1560 emendatum

340 1615 468 1677 quaeras.
479 1620 493 1653 n
506 1597 587 1656 'liam
600 1595 662 1656 alia
673 1597 811 1676 sequitur
827 1597 936 1656 notitia
953 1617 961 1654 :
981 1597 1091 1678 «Opus
1109 1594 1168 1657 hoc
1185 1609 1349 1656 exaratum
1361 1607 1392 1655 et

342 1692 528 1773 impressum
548 1707 592 1754 est
611 1690 751 1753 Bononie
766 1692 997 1774 diligentissime
1018 1711 1073 1775 per
1093 1713 1143 1753 me
1166 1691 1332 1753 Platonem
1354 1691 1394 1750 de

341 1789 511 1851 Benedictis
530 1804 749 1874 stampatorem
763 1788 899 1871 ejusdem
914 1792 1047 1851 ciuitatis
1060 1791 1181 1851 ciuem:
1199 1790 1291 1850 Anno
1309 1788 1392 1852 salu·

342 1887 388 1948 tis.
402 1911 437 1948 ιι.
451 1909 532 1950 cccc.
549 1909 699 1950 cxxxviii.
716 1889 846 1970 septimo
863 1888 1016 1948 Kalendas
1032 1889 1159 1948 Martias
1175 1889 1297 1948 loanne
1314 1888 1392 1947 Ben-

341 1983 440 2048 tiuolo
460 1987 664 2049 Bononiensis
685 1986 812 2046 Senatus
833 1985 1007 2069 principe.»
1027 1985 1246 2046 Fet-Maia.
1267 2007 1300 2067 p.
1323 1985 1392 2045 501.

343 2081 463 2144 Panzer
472 2086 507 2144 T.
522 2085 551 2159 1,
566 2106 596 2167 p.
613 2105 682 2165 ²¹9·

386 2178 471 2262 1489.
484 2183 661 2259 Suetonius,
674 2203 746 2243 cum
758 2182 961 2265 scriptoribus
972 2179 1108 2242 historiae
1121 2185 1277 2262 Augustae.
1287 2181 1393 2240 Prima

342 2280 457 2360 pagina
470 2280 539 2340 folii
558 2301 569 2339 ι
586 2300 681 2340 vacua
696 2281 800 2341 relicta
818 2294 882 2341 est:
898 2280 931 2339 in
946 2300 1051 2340 aversa
1064 2279 1325 2360 legunturversus
1335 2279 1394 2337 Au·

343 2378 424 2438 aonii
440 2378 474 2438 in
496 2377 592 2438 libros
612 2379 761 2440 Suetonii.
782 2380 862 2438 Tum
881 2377 1034 2458 sequitur:
1051 2402 1065 2433 ιι
1075 2377 1204 2439 Domitii
1217 2374 1394 2450 Galderini,

342 2475 403 2534 viri
417 2473 592 2551 clarissimi,
609 2477 647 2536 de
665 2476 726 2535 vita
747 2476 813 2535 Caii
833 2475 971 2535 Suetonii
987 2472 1182 2556 tranquilli.»
1204 2474 1272 2534 Hac
1285 2471 1394 2546 finita,

343 2570 478 2654 subjecta
494 2587 567 2633 sunt
579 2573 693 2633 verba:
707 2572 768 2632 ιιΙιι
780 2571 885 2632 codice
902 2573 1104 2632 continentur
1120 2571 1211 2631 Caius
1231 2570 1395 2630 Suetonius

342 2668 543 2752 Tranquillus
560 2668 598 2729 de
609 2689 655 2730 ιιιι
671 2668 849 2730 Caesaribus.
867 2667 960 2728 AElins
974 2667 1168 2750 Spartianus,
1185 2668 1203 2725 J
1207 2666 1288 2726 nlius
1301 2667 1395 2747 Capi-

344 2764 480 2842 tolinus,
504 2765 599 2826 AElius
617 2765 831 2847 Lampridius,
844 2765 1011 2824 Trevellius
1028 2763 1141 2837 Pollio,
1159 2763 1283 2822 Flavius
1301 2761 1396 2842 Vopi-

344 2885 426 2939 scus,
435 2865 602 2946 Eutropius
613 2880 644 2926 et
656 2865 945 2926 PaullusDiaconus
955 2864 994 2924 de
1004 2883 1112 2944 regum
1122 2883 1157 2923 ac
1169 2863 1396 2944 imperatorum

345 2981 547 3024 romanorum
557 2963 630 3022 vita.
641 2988 654 3019 u
666 2963 704 3021 In
715 2961 943 3044 fineseqnentia
952 2960 1114 3041 leguntur:
1126 2983 1140 3016 ιι
1150 2959 1252 3020 Habes
1264 2957 1399 3018 candide

344 3057 439 3120 lector
455 3060 612 3120 (lasarum
626 3060 705 3120 vitas
717 3079 811 3142 parvo
823 3079 896 3135 are,
910 3079 986 3140 quas
1002 3057 1079 3117 olim
1095 3058 1202 3141 ansius
1219 3054 1395 3136 quaerebas,

346 3157 480 3216 maxima
494 3156 739 3219 lucubrationes
755 3157 828 3217 viris
842 3154 1097 3239 praestantissimis
1112 3153 1299 3214 emendatas.
1316 3153 1395 3228 Quae

346 3254 454 3312 omnia
469 3254 693 3314 accuratissime
707 3255 843 3315 Venetiis
859 3254 1003 3334 impressa
1015 3263 1087 3312 sunt
1099 3271 1155 3332 per
1166 3247 1396 3310 Bernardinum

346 3351 561 3412 nouarisnsem
578 3371 663 3410 anno
691 3371 709 3410 a
734 3348 830 3410 natali
852 3348 1020 3410 christiano
1044 3363 1305 3406 uocccixxxvrut.
1327 3343 1396 3404 Kal.

346 3446 496 3508 Octobr.»
515 3447 579 3508 Fol.
594 3479 632 3514 r:-
645 3447 693 3508 cf.
709 3445 848 3529 Theoph.
864 3443 1042 3527 Christoplr.
1056 3443 1187 3504 Harlesii
1200 3441 1397 3503 Introductis

345 3545 380 3606 in
391 3545 540 3606 Notitiam
553 3547 734 3606 Literaturae
746 3547 896 3607 Romanae
910 3546 944 3604 T.
959 3543 988 3619 1,
1002 3564 1033 3624 p.
1046 3541 1114 3620 398.

390 3642 474 3725 1490.
496 3646 530 3706 C.
552 3644 726 3726 Tranquilli
748 3642 886 3706 Suetonii
906 3643 985 3702 Vitae
1006 3660 1052 3702 ιιι
1074 3639 1301 3721 Imperatorum
1324 3655 1397 3698 eum

345 3742 475 3802 Antonii
490 3740 630 3804 Sabellici
643 3754 829 3802 commento.
841 3742 878 3801 In
890 3737 970 3800 fine:
985 3737 1143 3796 «venetiis
1158 3755 1214 3817 per
1227 3736 1398 3815 Baptistam

346 3836 494 3900 detortis.
510 3863 543 3901 ιι.
558 3859 639 3902 cccc.
655 3859 764 3901 num.
782 3839 832 3899 die
846 3857 888 3899 xv
906 3835 1088 3896 Februariis
1107 3831 1199 3893 Char.
1214 3833 1309 3892 llam.
1324 3851 1398 3890 cum

345 3934 425 4015 sign.
432 3949 462 3996 et
469 3936 534 3998 foll.
542 3937 692 3998 numfol.
699 3933 929 3996 mim-Maitt.
937 3951 967 4014 p.
975 3929 1034 4006 432
1042 3975 1050 4007 ‚
1058 3941 1087 3990 et
1096 3929 1164 3990 520.
1174 3930 1291 3988 Panzer
1297 3929 1333 3990 T.
1342 3925 1398 4001 111,

346 4055 378 4114 p·
395 4034 463 4096 281.
481 4033 621 4096 Sabellici
635 4033 876 4098 commentarius
886 4040 1024 4091 versatur
1034 4028 1069 4088 in
1079 4026 1178 4087 verbis
1192 4037 1226 4094 et
1238 4023 1330 4085 rebus
1343 4043 1400 4105 pro

346 4131 429 4192 illius
439 4136 588 4220 temporis
598 4135 777 4196 necessitate
790 4127 978 4214 explicandis
989 4138 1020 4190 et
1033 4123 1239 4196 illustrandus
1256 4144 1274 4182 e
1289 4123 1398 4183 critico

347 4250 457 4312 genere
470 4251 537 4293 non
554 4231 689 4294 multum
706 4229 808 4304 habet.
