2982 5116
372 595 532 662 OCTAV.
557 585 817 663 AUGUSTUS.
1045 597 1110 682 ²45

87 721 1112 818 postulatumdistuleritinsequentisdieimatutinumtempus,

87 833 302 928 edixeritque,
333 833 514 902 aMulieres
536 849 613 902 ante
635 832 753 901 boram
774 835 924 928 quintam
945 838 1059 903 venire
1078 839 1113 903 in

86 943 263 1028 theatrum,
283 969 351 1013 non
369 944 538 1038 placere.»

127 1059 220 1122 XLV.
248 1062 324 1148 lpse
334 1059 505 1124 Circenses
518 1079 557 1122 ex
570 1057 754 1123 amicorum
768 1055 837 1122 fere
852 1053 1114 1152 libertorumque

87 1166 270 1234 coenaculis¹
290 1167 475 1259 spectabat,
491 1165 680 1236 interdum²
698 1191 716 1234 e
732 1164 914 1260 pulvinari,
932 1183 966 1234 et
979 1168 1114 1263 quidem

86 1298 157 1341 cum
169 1274 309 1368 conjuge
323 1301 361 1345 ac
377 1276 505 1359 liberis,
525 1277 654 1344 sedens.
674 1275 867 1369 spectaculo
881 1275 1042 1369 plurimas
1057 1277 1116 1345 ho-

87 1408 151 1466 ras,
164 1386 343 1480 aliquando
356 1404 444 1455 totos
456 1384 546 1454 dies³
562 1386 692 1469 aberat,
708 1389 811 1480 petita
821 1389 933 1468 venia,
948 1411 1117 1456 commen·

86 1491 414 1589 datisque,quisuum
422 1500 529 1564 vicem
536 1493 980 1588 praesidendolungerentur.
991 1502 1117 1564 Verum

86 1606 206 1696 quoties
219 1605 367 1688 adesset,
382 1605 466 1672 nihil
477 1623 638 1699 praeterea
648 1604 786 1696 agebat:
800 1629 859 1672 seu
871 1605 995 1673 vitandi
1007 1629 1118 1674 rumo-

85 1717 247 1800 n'sceusa,
259 1743 326 1812 quo
336 1732 465 1810 patrem
476 1716 771 1808 caesaremtvulgo
781 1715 1021 1809 reprehensum
1031 1741 1119 1786 com-

85 1827 302 1910 memorabat,
322 1826 414 1922 quod
432 1831 517 1896 inter
537 1825 755 1921 spectandum
769 1827 916 1920 epistolis
930 1826 1118 1921 libellisque
1168 1849 1174 1861 ·

86 1929 226 2026 legendis
236 1959 277 2002 ac
288 1935 511 2004 rescribendis
522 1953 668 2018 vacaret;
682 1960 741 2004 seu
756 1935 867 2004 studio
877 1936 1066 2028 spectandi⁵
1078 1961 1118 2005 ac

86 2041 267 2135 voluptate,
283 2070 351 2139 que
367 2047 472 2113 teneri
492 2068 527 2112 se
541 2069 650 2140 neque
663 2043 886 2112 dissimulavit
900 2067 1066 2139 unquam,
1085 2061 1119 2111 et

87 2173 167 2244 saepe
181 2157 326 2246 ingenue
341 2156 510 2248 professus
525 2171 584 2222 est.
599 2159 715 2248 ltaque
727 2152 1119 2245 corollaria⁶etprae1niu

86 2262 193 2332 alienis
206 2291 343 2361 quoque
354 2267 549 2334 muneribus
561 2290 600 2334 ac
611 2264 700 2334 ludis
712 2283 745 2333 et
756 2265 872 2333 crebra
883 2283 917 2332 et
927 2257 1065 2356 grandia
1076 2262 1119 2332 de

85 2464 150 2516 ximo
163 2482 298 2540 suscepto.
312 2472 372 2541 lpse
391 2484 479 2524 nutem
498 2468 577 2522 edicti
620 2469 658 2520 cis
666 2467 839 2539 popularibus
847 2466 1116 2520 diciturtaoenitus...

85 2541 159 2594 rerba
172 2544 260 2597 reddit
274 2547 424 2600 Suetonius.
658 2544 682 2598 5.
701 2546 751 2598 Seu
771 2546 853 2597 studio
873 2545 1013 2616 spectandi.
1033 2546 1118 2597 Tacit.

115 2621 189 2675 XLV.
212 2641 235 2676 r.
250 2625 295 2676 Ex
307 2627 486 2677 arnicomm...
502 2623 577 2676 liber·
621 2623 716 2674 Annal.
726 2624 755 2690 1,
769 2622 817 2688 54:
834 2622 999 2674 cinduleerat
1011 2625 1034 2674 ei
1048 2621 1119 2674 ludi·

86 2709 213 2774 torumqne
226 2702 368 2756 coenaculis
374 2725 384 2764 ‚-
400 2704 417 2754 i.
433 2722 455 2756 e.
470 2723 501 2755 er
515 2703 577 2754 oedi-
622 2698 753 2769 cro(ludis
763 2699 1117 2773 Augustalibusflugustus,

83 2777 129 2832 bus
148 2785 269 2850 proxime
291 2782 485 2851 adJ'aeeutibus‚
506 2782 576 2835 unde
621 2778 683 2830 dum
693 2779 1019 2850 Mecenntiobtemperrt‚
1032 2782 1119 2834 effuso

84 2873 233 2931 prospectus
247 2873 304 2913 erat
315 2863 341 2912 in
355 2862 468 2915 Circum.
485 2863 578 2914 Cerna-
620 2860 648 2909 in
671 2876 787 2910 umorem
809 2857 937 2930 Bathyl1i3
959 2877 1045 2931 neque
1063 2863 1119 2931 ipse

85 2937 139 2990 cula
150 2954 237 2992 autern
251 2942 279 2992 iu
291 2945 398 2992 summis
409 2941 506 2993 edibus
520 2959 577 3012 esse
622 2939 779 2992 abhorrebat
791 2939 887 2992 talibus
901 2938 1009 3007 studiis,
1022 2953 1049 2993 et
1059 2942 1120 2992 ciri-

84 3017 204 3073 solebant.
217 3021 291 3072 Idem
309 3035 399 3072 narrat
414 3023 577 3088 Di0‚1.vrr‚
621 3016 646 3068 le
673 3016 781 3069 rebatur
810 3017 913 3070 misceri
940 3017 1120 3089 voluptatibus

87 3112 129 3162 11,
140 3098 172 3152 de
184 3100 302 3152 Tiberio.
621 3095 701 3165 vulgi.
714 3119 724 3142 ι

117 3195 140 3228 2.
157 3176 578 3248 Interdumepulvinari.l’nlvi·
657 3175 683 3227 6.
710 3172 871 3242 Corollaria,
897 3191 1027 3240 coronas,
1054 3193 1120 3246 quas

85 3273 130 3306 nur
141 3257 195 3324 jam
212 3257 310 3308 catari
328 3257 414 3307 fuerat
429 3255 536 3322 datum,
550 3267 579 3306 ut
622 3253 687 3306 Plin.
709 3254 776 3305 Hiet.
796 3254 858 3306 Nat.
876 3255 954 3319 XXI,
975 3270 1007 3320 a,
1027 3267 1120 3306 auctor

84 3331 175 3384 Noster
191 3333 257 3387 Cres.
279 3334 320 3403 76.
337 3333 409 3386 Talis
424 3332 508 3385 lectus
524 3335 579 3385 Au·
623 3347 677 3399 est,
692 3333 767 3384 initio
784 3331 867 3385 dietus
886 3329 996 3386 corollas
1010 3343 1122 3404 propter

85 3412 579 3483 gurtoetiamtequendbusquelmpe-
622 3411 810 3481 gracilitatem,
835 3429 895 3463 mox
919 3425 945 3464 et
966 3409 1120 3477 corollaria,

84 3491 208 3544 rntoribus
230 3511 279 3563 pro
301 3491 363 3543 rede
384 3492 449 3554 fuit;
470 3510 503 3542 ne
521 3491 578 3561 quis
625 3490 1122 3562 ⁸postquamelaminarereatenuiiu-

84 3587 140 3622 cum
152 3569 207 3624 aliis
222 3572 256 3624 de
275 3571 407 3642 pulvinari
424 3573 538 3622 Deorum
551 3573 578 3622 in
622 3584 713 3623 aurata
726 3583 772 3621 out
783 3571 947 3641 inargentata
958 3568 1097 3620 dabantur.
1106 3592 1118 3616 η

84 3649 154 3718 spina
163 3651 231 3703 Circi
243 3653 351 3720 cogitet.
364 3649 432 3701 Vide
444 3649 537 3702 Claud.
551 3650 577 3716 4.
622 3651 719 3718 Varro,
739 3649 773 3702 de
791 3651 866 3720 Ling.
887 3651 960 3714 Lat,
982 3645 1122 3702 ⁸Corolla·

116 3725 141 3777 3.
154 3727 258 3780 Aberat.
269 3730 299 3779 ln
308 3725 382 3779 libris
392 3727 446 3778 fere
456 3727 577 3779 omnibus
622 3729 705 3795 num,
717 3731 740 3780 si
748 3728 854 3781 additur
865 3742 1038 3800 preterquam
1049 3725 1121 3797 quod

85 3819 171 3858 contre
183 3823 306 3871 sensum,
318 3808 414 3859 aderat.
623 3806 756 3875 debitum,
770 3808 929 3861 vocabulum
942 3806 1060 3858 fictumn
1075 3824 1122 3858 oo·

116 3883 141 3950 l.
168 3887 224 3955 Qtto
243 3896 345 3958 patrem
368 3889 505 3950 cesarem,
528 3897 577 3938 etc.
623 3886 955 3958 rollis,quodbre‚quum
967 3885 1123 3956 placuerant

84 3961 152 4016 Idem
159 3977 234 4018 notat
241 3964 275 4018 de
284 3967 320 4016 Μ.
328 3965 464 4016 Antonino
472 3966 579 4035 Capito·
624 3979 742 4031 actores,
755 3967 783 4016 in
795 3982 874 4016 scene
886 3963 942 4015 dari
956 3963 1046 4015 soline.
1057 3987 1068 4010 ι
1081 3965 1122 4016 Do

84 4039 164 4107 bons,
179 4063 239 4116 cap.
256 4044 286 4097 15
299 4067 305 4095 ε
320 4045 401 4095 «Fuit
415 4043 579 4096 consuetudo
623 4043 663 4095 bit
683 4043 793 4116 aliisque
811 4044 923 4114 premiis
940 4061 997 4113 quae
1014 4043 1123 4094 victori·

84 4119 185 4188 Marco,
204 4136 235 4176 ut
252 4126 280 4176 in
298 4125 459 4176 Circensium
476 4136 580 4194 specta·
623 4123 687 4188 bur,
698 4125 724 4174 in
735 4120 1124 4192 ludisdiversigenerisdaban-

85 4200 267 4273 sublegeret,
286 4202 457 4273 audiretque,
473 4221 504 4256 nc
516 4202 580 4254 sub·
624 4203 715 4266 tunel.
724 4204 831 4256 l'anrin.
839 4201 872 4253 de
879 4199 960 4252 Ludis
968 4201 1035 4253 Ciro.
1045 4204 1070 4268 1,
1082 4202 1122 4266 16,

86 4279 216 4333 scriberet.
229 4281 266 4334 Er
280 4299 332 4352 quo
345 4281 452 4352 quidem
464 4299 533 4352 supe
542 4282 581 4350 jo-
625 4293 652 4332 et
662 4280 797 4352 bulenger.
811 4281 844 4334 (le
855 4281 986 4347 Theano,
997 4284 1023 4347 l,
1036 4282 1078 4334 58.
