3124 5132
372 551 438 630 460
780 551 1005 617 ERNESTll

369 675 412 729 die
423 676 533 730 Kalend·
546 677 609 749 Apr.
624 679 745 744 fuerunt,
758 678 784 727 in
797 689 886 730 monte
900 676 1030 730 sacrificio
1045 677 1094 728 rite
1108 689 1277 750 perpetrato,
1294 677 1422 746 protinus

274 786 281 796 ·
370 754 433 808 iude
448 771 475 809 et
488 757 589 810 Consul
607 769 633 810 et
649 759 746 810 Praetor
761 757 808 810 Gn.
826 758 953 810 Octavius
970 759 997 808 in
1015 755 1202 808 Macedoniarn
1217 755 1331 827 profecti
1345 766 1423 804 sunt.

371 835 509 889 Traditum
529 851 568 890 est
581 839 728 901 memoriae,
746 838 860 908 majore,
878 855 957 908 quam
977 835 1070 903 solita,
1089 837 1236 908 frequentia
1255 851 1425 906 prosequen-

372 917 438 967 tium
450 917 592 970 Consulem
604 917 773 969 celebratum.
787 939 799 963 ι
814 917 844 968 ln
853 917 1007 988 fragmentis
1020 930 1108 972 autem
1120 919 1158 968 sic
1171 929 1225 968 est:
1242 913 1349 965 rl‘ridie
1359 911 1424 962 Kal.

374 995 456 1065 April.
471 996 568 1048 Latinas
587 994 739 1060 celebratae,
759 1008 786 1049 et
800 993 977 1050 sacrificatum
994 997 1022 1046 in
1036 1010 1126 1048 moute
1144 993 1248 1047 Albano
1251 1028 1343 1046 ......
1360 987 1426 1040 Kal·

374 1075 447 1145 April
451 1112 559 1127 .......
583 1073 690 1127 Paullus
710 1076 773 1128 Cos.
793 1090 819 1128 et
837 1077 885 1128 Cu.
906 1077 1034 1128 Octavius
1052 1077 1150 1127 Praetor
1166 1073 1287 1146 paludati
1307 1073 1427 1144 egressi,

373 1157 480 1226 ingente
494 1168 575 1227 atque
588 1156 713 1208 inusitata
729 1156 878 1229 frequentia
893 1168 1104 1227 prosequente.»
1119 1155 1282 1226 Comparare
1297 1151 1351 1202 boc
1369 1151 1426 1201 fra-

374 1247 510 1303 gmentum
524 1238 689 1287 institueram
703 1254 764 1287 cum
782 1237 849 1288 Livii
862 1236 940 1302 loco,
958 1235 992 1287 ad
1008 1236 1122 1288 eundem
1138 1253 1240 1287 annum
1256 1233 1428 1304 pertinente,

377 1326 406 1364 ut
416 1313 479 1366 inde
490 1328 674 1386 argumentum
689 1333 739 1387 pro
753 1316 820 1368 Livii
838 1314 890 1368 fide
903 1313 1040 1378 ducerem,
1057 1317 1080 1367 si
1091 1315 1179 1367 Livius
1194 1331 1255 1364 cum
1268 1310 1321 1362 boc
1336 1308 1429 1359 moni-

375 1407 465 1445 mento
478 1396 647 1448 consentiret.
659 1393 724 1460 Sed,
737 1393 801 1446 dum
811 1395 878 1446 Livii
888 1393 966 1446 fidem
978 1392 1095 1445 stabilire
1105 1393 1199 1464 cupio,
1212 1409 1275 1444 ecce
1284 1387 1430 1460 fragmenti

377 1472 442 1526 fides
461 1475 553 1548 incipit
569 1474 667 1528 labare.
681 1473 750 1527 illud
765 1473 872 1546 quidem
890 1477 1073 1546 uuusquisque
1092 1473 1172 1526 facile
1187 1469 1316 1541 intelliget
1335 1467 1430 1520 confe-

377 1553 474 1621 rendo,
490 1568 536 1606 aut
549 1557 651 1608 Livium
662 1553 725 1607 binc
736 1571 784 1607 sua
796 1555 915 1625 petiisse,
930 1553 1043 1606 authen
1056 1572 1073 1605 a
1084 1553 1158 1620 livio
1172 1562 1273 1604 sumta:
1290 1547 1359 1600 adeo
1374 1562 1430 1596 non

377 1631 459 1686 modo
468 1653 523 1702 res,
534 1634 580 1687 sed
589 1633 670 1686 verba
681 1653 765 1706 prope
775 1631 868 1687 eadem
879 1635 1054 1704 reperiuntur.
1067 1631 1120 1685 Sed
1129 1631 1193 1686 mihi
1202 1629 1335 1701 posterius
1346 1623 1431 1694 longe

379 1715 489 1784 propius
502 1731 592 1766 verum
608 1713 761 1778 videbatur,
776 1712 848 1786 qnod
865 1711 947 1764 dictio
961 1715 1099 1786 fragmenti
1117 1713 1187 1764 aetati
1198 1710 1331 1776 liviana,
1348 1722 1430 1776 qnam

378 1791 442 1845 belli
452 1793 620 1848 Macedonici
632 1796 669 1860 11,
683 1794 793 1850 similior
815 1809 863 1847 est.
878 1792 1141 1848 senatusconsultum
1156 1789 1261 1864 quidem
1279 1785 1430 1842 Posusmis·

379 1889 444 1922 num
467 1871 501 1924 de
522 1872 732 1926 Bacchanalibus
758 1871 940 1942 duodeviginti
962 1883 1066 1925 tanturn
1087 1873 1164 1924 annis
1188 1883 1249 1922 ante
1272 1885 1374 1919 annum
1398 1865 1429 1914 U.

380 1950 538 2005 anxxvt
551 1953 652 2006 factum
667 1966 715 2005 est.
733 1952 775 2005 Ab
792 1954 848 2022 ejus
863 1965 952 2004 autem
965 1951 1081 2004 dictione
1093 1963 1197 2004 tantum
1208 1947 1336 2001 abhorret
1348 1943 1429 1996 dictio

379 2029 532 2101 fragmenti,
546 2031 661 2084 utnulla
676 2031 772 2100 modo,
785 2047 840 2084 tam
850 2030 924 2085 brevi
935 2046 1055 2104 tempore
1069 2045 1143 2104 post,
1157 2032 1285 2102 scriptum
1297 2044 1357 2078 ease
1370 2039 1431 2096 pos·

381 2110 423 2161 sit.
433 2109 485 2162 Sed
500 2130 581 2184 quum
591 2111 672 2164 semel
685 2131 726 2164 res
735 2114 763 2164 in
775 2112 954 2183 suspicionem
966 2109 1083 2166 adducta
1094 2123 1174 2178 esset,
1186 2109 1264 2182 plura
1273 2105 1430 2180 paullatim,

381 2201 411 2240 ut
423 2189 466 2255 tit,
483 2189 669 2256 animadverti,
686 2209 743 2262 quse
754 2210 807 2244 rem
820 2195 1011 2263 suspectiorem
1020 2192 1155 2255 facerent,
1172 2189 1295 2262 inprimis
1307 2194 1429 2238 contum

382 2267 428 2320 illa
439 2268 568 2323 Dodwelli
580 2271 647 2322 ratio
659 2270 848 2343 interpretandi
858 2284 999 2344 utrumque
1011 2273 1201 2344 fragmentum,
1213 2283 1313 2323 etcum
1325 2265 1429 2336 reliqua

383 2347 493 2402 historie
507 2363 534 2404 st
542 2352 698 2423 antiquitate
707 2349 899 2422 componendi:
915 2351 1015 2420 donec,
1029 2371 1043 2403 e
1057 2348 1156 2403 Dulreri
1167 2349 1201 2402 ad
1210 2349 1264 2400 Liv.
1275 2347 1369 2412 mv,
1387 2343 1430 2406 18,

383 2427 535 2493 admonitu,
550 2431 732 2504 Wesseliugii,
745 2431 788 2483 nt
798 2429 878 2498 urire,
892 2433 919 2483 in
928 2431 1127 2497 Probabilibus,
1138 2430 1350 2500 disputationem
1362 2444 1386 2478 c.
1399 2421 1430 2490 39

382 2506 450 2580 legi;
464 2511 491 2561 in
508 2529 560 2585 qua
573 2509 617 2563 ille
633 2511 754 2582 pluribus
766 2512 942 2584 argumentis,
958 2510 1014 2564 aliis
1032 2523 1136 2578 tamen,
1151 2526 1232 2582 quam
1248 2515 1304 2578 qlro
1316 2506 1429 2578 primum

383 2601 471 2642 motus
483 2591 600 2659 fueram,
615 2587 693 2642 fidem
708 2591 847 2660 utriusque
865 2589 1005 2660 fragmenti
1020 2587 1152 2642 convellit.
1168 2589 1206 2640 Ea
1219 2585 1370 2658 disputatio
1384 2583 1430 2634 im·

384 2667 452 2736 pulit
467 2667 601 2722 labantem
620 2671 673 2740 jam
692 2671 825 2733 animum,
843 2670 986 2740 presertim
1005 2687 1087 2742 quum
1106 2687 1164 2720 eam
1180 2667 1261 2720 etiam
1277 2662 1389 2718 nokero
1406 2673 1430 2712 et

263 2752 266 2760 '
381 2743 598 2802 Drakenborohio
611 2745 754 2800 admodum
766 2748 874 2819 probari
890 2746 1023 2811 viderem3
1039 2766 1125 2821 neque
1140 2764 1302 2819 quemquam
1317 2745 1379 2796 fore
1391 2759 1429 2794 ar·

383 2826 476 2896 bitror,
487 2831 566 2903 quin,
575 2847 607 2882 ea
616 2828 698 2896 lecta,
709 2831 736 2880 in
746 2827 859 2882 eandem
871 2830 1028 2882 sententiam
1037 2829 1183 2896 concedat,
1192 2845 1275 2900 eaque
1285 2827 1430 2898 fragmenta

383 2906 484 2962 fraudis
496 2906 663 2961 condemnet.

420 2987 478 3062 Ego
493 2989 600 3062 quidem
614 2987 736 3052 arbitror,
750 3003 785 3037 ne
794 2989 924 3040 rationem
934 2988 1041 3059 quidem
1052 2986 1134 3040 allam
1143 2985 1310 3059 probabilem
1323 2982 1430 3054 excogi-

386 3068 435 3120 tari
447 3087 544 3141 posse,
563 3086 646 3142 quare
664 3079 724 3118 acta
741 3063 792 3116 illis
811 3065 974 3138 temporibus
992 3066 1115 3120 confecta
1131 3066 1191 3118 sint.
1207 3060 1351 3116 Habebam
1364 3061 1430 3114 enim

385 3162 443 3200 tum
460 3147 542 3202 alium
561 3167 649 3202 rerum
668 3145 774 3219 publice
791 3159 925 3217 gestarum
940 3148 1096 3199 memoriam
1113 3144 1290 3200 conservandi
1306 3141 1431 3206 modun,

387 3229 425 3279 uti
437 3241 531 3280 auctor
543 3241 583 3281 est
594 3228 700 3293 Cicero,
715 3225 750 3279 de
761 3225 835 3278 Orat.
852 3227 890 3291 11,
904 3244 944 3280 ra.
959 3229 1027 3280 Nam
1042 3227 1162 3280 Pontifex
1173 3225 1304 3278 Maximus
1319 3241 1362 3274 res
1379 3239 1432 3274 om-

387 3326 434 3360 nes
446 3303 611 3380 singulorum
624 3325 756 3359 annonam
768 3304 840 3358 domi
850 3305 969 3378 forisque
980 3320 1067 3378 gestas
1077 3303 1220 3360 mandabat
1228 3303 1325 3372 literis,
1334 3319 1432 3355 earum·

388 3406 440 3460 que
452 3385 697 3460 cognoscendarum
712 3384 814 3460 populo
826 3399 985 3457 potestatem
999 3385 1097 3449 dabat;
1112 3388 1183 3458 iique
1197 3383 1314 3438 Annales
1328 3379 1431 3436 maximi

388 3481 450 3522 sunt
464 3465 600 3542 appellati.
613 3465 695 3538 Quod
708 3484 790 3538 quum
800 3468 836 3518 ita
846 3468 893 3532 sit,
907 3484 1034 3538 quorsum
1044 3463 1151 3520 tandem
1163 3466 1243 3519 etiam
1254 3476 1311 3516 acta
1321 3461 1430 3516 Senatus

388 3561 415 3602 et
428 3543 523 3622 populi
536 3547 675 3600 confecta?
690 3546 773 3613 Nam,
789 3545 863 3618 quod
876 3544 1045 3615 Dodwellus,
1057 3549 1174 3622 primum
1188 3565 1203 3598 a
1217 3543 1309 3598 scribis
1322 3541 1432 3616 publicis

389 3641 447 3680 acta
456 3625 501 3680 illa
513 3629 679 3699 conscripta,
691 3641 718 3678 et
731 3646 763 3678 ex
775 3625 817 3678 bis
827 3625 923 3679 deinde
936 3625 1051 3681 Annales
1062 3629 1191 3682 maximos
1205 3645 1221 3679 a
1232 3623 1358 3676 Pontifice
1370 3638 1430 3674 cou-

388 3709 491 3778 fectos,
502 3722 596 3782 putat,
609 3729 638 3782 p.
650 3707 720 3775 652,
733 3707 803 3777 654,
815 3707 842 3760 id
857 3722 943 3761 totum
956 3711 1012 3762 sine
1023 3706 1120 3762 idonea
1131 3710 1225 3762 veteris
1239 3704 1376 3777 scriptoris
1387 3720 1431 3754 au·

389 3792 512 3844 ctoritate
525 3793 646 3858 sumitur,
662 3792 739 3864 qnia,
756 3802 816 3842 acta
826 3791 884 3860 jam
898 3801 954 3842 tum
967 3789 1064 3858 fuisse,
1076 3789 1229 3864 fragmentis
1239 3785 1337 3858 spuriis
1348 3779 1431 3836 credi-

388 3883 441 3924 tur.
457 3868 613 3925 Pontificem
629 3889 718 3924 rernm
732 3867 840 3943 publice
854 3885 988 3944 gestarum
1000 3869 1148 3924 adversaria
1162 3866 1300 3932 habuisse,
1313 3860 1430 3936 equibus

389 3949 504 4004 Annales
515 3950 662 4021 digereret,
676 3947 753 4003 facile
765 3949 876 4024 largiar:
889 3949 935 4004 sed
947 3969 978 4004 ex
990 3951 1069 4018 actis,
1080 3948 1187 4022 publica
1202 3947 1360 4024 auctoritate
1371 3942 1430 3996 scri·

389 4032 458 4103 ptis,
471 4030 586 4084 Annales
603 4032 730 4104 repetitos
744 4049 816 4097 esse,
828 4030 857 4083 id
869 4051 932 4083 vcro
942 4029 1054 4102 probari
1065 4029 1140 4084 nullo
1156 4027 1236 4083 modo
1251 4037 1348 4100 potest
1360 4025 1429 4074 lianc

390 4123 479 4164 autem
487 4114 617 4165 rationem
630 4109 856 4164 conficiendorum
868 4111 1010 4163 Annalium
1019 4129 1103 4183 usque
1115 4107 1149 4164 ad
1157 4113 1185 4162 P.
1197 4100 1429 4177 Mucinmvl'ontifi·

390 4206 447 4240 cem
463 4191 608 4244 Maximum
622 4209 681 4244 esse
698 4202 867 4264 usurpatam,
885 4189 955 4242 idem
972 4187 1017 4243 ille
1036 4190 1129 4242 Cicero
1146 4185 1240 4254 tradit,
1258 4183 1309 4238 hoc
1329 4195 1383 4248 est,
1399 4173 1430 4230 ad

391 4267 505 4324 medinm
522 4289 606 4344 prope
622 4267 741 4325 seculum
757 4271 906 4343 septimum.
924 4269 985 4322 Fuit
1002 4270 1073 4323 enim
1088 4269 1117 4322 l'.
1133 4268 1237 4320 Mucius
1254 4263 1297 4316 ille
1315 4257 1427 4313 Pontifex

1542 1071 1544 1160 l
