3122 5134
500 505 559 574 DE
580 514 614 574 G.
637 505 876 575 suetonio.
1153 533 1204 573 ιη

159 628 262 717 Epist.
270 629 310 694 ad
321 634 434 695 Auton.
447 631 587 713 Paqium,
601 642 677 690 tom.
690 629 742 704 tv,
752 630 836 712 Opp.
849 649 920 712 pag.
933 630 1009 713 7⁶⁰·
1019 633 1077 692 etsi
1089 631 1207 716 alioqui

159 740 258 798 vitam
274 755 430 820 quumque
446 731 619 796 secumdum
634 749 739 794 rerum
755 751 885 813 genera,
905 751 969 794 nou
986 731 1081 815 plane
1094 749 1206 798 secun-

161 833 239 899 dum
254 851 431 920 temporum
445 835 588 897 ordinem
603 848 709 895 narret
718 840 738 894 ¹.

206 951 240 1003 2⁰
259 941 339 1003 utri
348 941 383 1003 de
394 939 551 1002 illustribus
563 941 780 1001 Grummutioir.

206 1045 240 1106 3⁰
258 1045 305 1108 De
327 1042 415 1106 clan's
434 1039 606 1104 Rhetoribut
631 1039 717 1115 liber,
742 1039 797 1102 sed
819 1041 932 1122 majori
956 1054 1048 1122 parte
1070 1042 1208 1106 mutilus.

202 1142 239 1222 4⁰
256 1147 303 1206 Ex
316 1142 398 1206 libro
409 1143 444 1206 de
456 1145 568 1205 Poetis²
582 1155 631 1204 est
648 1142 718 1204 Vita
734 1141 860 1202 Temstii
873 1159 892 1201 s
904 1143 1030 1203 Donato
1048 1158 1210 1226 excerpta,

166 1247 473 1328 VitaHomtiiquam
482 1244 658 1326 Porphyris
668 1241 708 1304 etl
717 1243 827 1304 Horat.
838 1239 893 1304 lib.
902 1243 1045 1325 treptie
1061 1265 1087 1320 t,
1097 1243 1212 1308 diserte

165 1347 278 1410 tribuit
290 1350 454 1423 Suetonio,
474 1348 545 1410 Vita
555 1348 664 1422 Persii,
685 1345 756 1408 Vita
768 1346 895 1424 Lucani,
914 1357 946 1404 et
961 1344 1031 1407 Vita
1044 1345 1212 1421 lutterulis,

165 1428 262 1533 quam
275 1447 329 1510 alii
340 1442 463 1510 malunt
473 1445 588 1508 referre
600 1445 640 1507 ad
652 1443 799 1520 Probum,
814 1444 920 1506 seder
932 1447 1083 1508 orationis
1097 1467 1213 1510 eonve-

166 1553 287 1613 nientia
299 1551 448 1612 Suetonio
459 1547 599 1610 vindicet
613 1545 781 1610 Salmasius
796 1545 836 1607 ad
849 1545 944 1608 Solio.
959 1565 1031 1630 pag.
1048 1547 1119 1609 320.
1135 1549 1214 1611 llum

168 1674 185 1716 e
197 1654 339 1716 Suetonii
352 1654 425 1714 viu
435 1648 607 1732 virgiliane
624 1650 723 1711 multa
738 1646 920 1710 adverbum
936 1651 1050 1732 repetit
1062 1651 1215 1714 Donatus.

167 1921 278 1984 Prtun
301 1919 392 1982 Vtri
416 1934 459 1980 ur
487 1917 589 1980 Ltuer
613 1934 656 1980 or
679 1933 766 1980 virts
789 1932 1020 1994 intueremur,
1043 1916 1215 1982 Surrento

491 2037 626 2086 rnsren
650 2039 719 2085 usu
741 2037 899 2084 ruituri.

211 2221 306 2285 Plurii
319 2222 439 2307 majoris
452 2225 513 2284 vitu
527 2223 676 2284 Suetonio
692 2221 823 2304 indigne
836 2235 898 2298 est,
916 2234 952 2282 ut
965 2219 1088 2303 judicat
1101 2225 1218 2286 Castu-

170 2324 290 2402 bonmr,
305 2339 338 2387 et
352 2338 538 2407 argumento
551 2345 615 2386 non
631 2325 697 2384 uno
708 2323 839 2384 Vossius
853 2321 892 2383 de
907 2323 988 2385 nist
1002 2324 1103 2385 Latin.
1118 2339 1220 2387 osten·

172 2428 234 2505 dit,
248 2441 281 2490 et
290 2427 428 2510 Scaliger
438 2426 479 2488 ad
488 2425 657 2488 Eusebium
669 2445 735 2486 non
747 2421 884 2502 dubitat,
896 2424 968 2507 plus
979 2445 1073 2508 quam
1085 2441 1220 2510 quatuor

171 2529 287 2592 seculis
305 2531 455 2613 scriptam
474 2549 541 2590 esse
558 2540 634 2612 post
650 2517 789 2590 Suetonii
809 2523 941 2588 obitum.
959 2527 1061 2588 Aliam
1078 2527 1219 2610 ejusdem

171 2631 268 2692 Plinii
287 2634 401 2705 vitem,
421 2633 543 2692 incerto
562 2641 689 2691 auctore
707 2629 874 2710 scriptam,
895 2627 1032 2710 vulgarit
1048 2643 1122 2712 post
1140 2629 1220 2694 alios

172 2735 314 2796 loannes
327 2734 517 2796 Harduinus.
534 2731 664 2794 Liberde
677 2735 744 2794 uiris
760 2729 917 2793 illustribus
930 2752 994 2793 non
1007 2735 1105 2815 magis
1116 2735 1221 2798 Sueto-

174 2838 220 2896 nii
234 2848 296 2912 εει,
314 2855 408 2918 quam
423 2835 517 2896 Plinii
530 2829 682 2916 junioris,
701 2831 757 2896 sed
770 2831 930 2895 Aurelium
946 2833 1106 2896 Victorem
1118 2849 1223 2900 sucto-

173 2957 241 2998 rem
250 2933 358 2998 habet.
367 2936 514 2997 Similiter
524 2934 594 2997 falsi
603 2934 698 3013 fuere,
710 2937 765 3019 qui
776 2955 812 2996 ex
823 2935 895 2996 loco
903 2935 1018 3013 orosii,
1027 2937 1080 3013 v1,
1093 2961 1123 3021 7,
1132 2937 1222 3002 libros

174 3041 309 3101 Ceteris
329 3037 364 3099 de
382 3037 456 3100 bellu
476 3037 593 3101 Gallico
610 3037 650 3099 sd
670 3039 852 3100 Suetonium
872 3037 1020 3115 retulere,
1044 3037 1084 3100 de
1105 3039 1219 3124 quihus

175 3141 289 3204 Belius
304 3143 338 3202 in
352 3142 466 3202 lexico
481 3137 554 3202 edit.
568 3161 630 3202 seo.
645 3141 679 3200 in
693 3140 788 3216 Cesar,
803 3152 879 3201 nota
894 3137 923 3200 5.
941 3140 988 3201 De
1004 3139 1096 3201 Plinii
1114 3155 1219 3206 temen

175 3239 352 3319 nonnulle,
370 3255 406 3302 ut
422 3263 460 3304 ex
476 3239 651 3324 Tranquilli
669 3237 808 3302 Suetonii
827 3239 969 3323 catalogo
988 3242 1128 3303 virorum
1148 3244 1220 3306 illu·

176 3347 306 3420 surum,
321 3341 412 3426 sfiert
422 3344 607 3405 Vincentius
618 3341 859 3416 Bellovmensie,
873 3340 955 3404 libro
969 3345 997 3405 X
1008 3344 1132 3427 Speculi
1140 3346 1222 3409 nisu

177 3467 249 3530 cap.
261 3447 315 3530 67.
330 3443 477 3508 Rsbums
494 3447 624 3507 Maurus
641 3444 679 3506 de
693 3447 767 3506 Arte
780 3446 1004 3521 Grammatiot,
1018 3459 1094 3507 tom.
1108 3448 1123 3509 1
1139 3450 1224 3532 Opp.

177 3567 251 3632 pag.
264 3545 322 3624 ἅδε
337 3570 353 3603 u
362 3547 563 3630 Tranquillus
571 3559 701 3608 vetustte
713 3547 849 3629 scriptor
860 3545 1006 3606 Historias
1017 3549 1061 3608 sio
1073 3547 1112 3608 de
1122 3553 1225 3632 poetis

178 3650 353 3714 Gentilium
371 3664 403 3713 et
416 3650 455 3712 de
469 3647 667 3733 poematibus
678 3649 793 3711 refert:
811 3649 916 3728 Quum
932 3653 1070 3732 primum
1082 3649 1226 3714 homines

212 3869 221 3892 ¹
237 3863 273 3909 lle
283 3861 376 3927 scriptia
384 3863 489 3910 Suetonii
500 3863 624 3910 norisdma
635 3859 758 3924 diliqeuter
768 3863 815 3922 egit
828 3861 965 3908 Mmurdtn
975 3861 1063 3907 Burbu
1073 3862 1101 3907 iu
1111 3860 1227 3910 Obserua-

181 3937 239 3981 uum
248 3950 280 3982 on
290 3932 328 3981 cie
336 3932 455 3981 character
465 3935 512 3980 arrd
521 3937 623 4000 writr'nqr
632 3934 662 3998 (ff
666 3935 787 3982 Suetonius
791 3967 800 3990 ,
811 3935 836 3981 iu
848 3932 922 3995 ejusd.
934 3932 1033 3980 Aucisut
1043 3931 1178 3983 eluricum
1188 3937 1229 3984 de-

180 4005 324 4069 duoedfrom
331 4003 438 4052 chuta!
447 4007 565 4063 Romaiu,
575 4006 726 4066 Cambridge,
738 4007 808 4065 1763,
818 4005 841 4054 8.

213 4079 223 4104 ²
237 4075 326 4122 Gonia
335 4073 388 4122 llol.
397 4075 492 4122 Meretii
501 4074 615 4136 Epistulas
623 4090 648 4136 p.
657 4074 898 4138 473‚etlit.1ipuiens.
907 4074 931 4131 8,
939 4085 962 4118 et
969 4074 1077 4122 vossium
1087 4073 1115 4122 de
1123 4074 1233 4122 imitatio*

180 4161 212 4193 ue
220 4162 271 4212 unp.
281 4148 353 4204 vill,
367 4143 384 4209 S
394 4162 417 4208 9.
431 4146 509 4194 Pousis
518 4146 581 4193 uude
591 4147 702 4209 coperit,
716 4163 744 4193 eu
752 4143 887 4209 Tranquillo
895 4143 968 4191 refert
976 4143 1079 4192 isidorus
1088 4147 1154 4209 llisp.
1165 4148 1230 4208 Oriq.
