3036 5124
102 569 924 595 mmmmmwmmmmmmfflfflm
929 573 1145 596 mmm

420 781 769 926 ‘extensos
806 788 827 878 1

341 1051 408 1122 AD
436 1051 705 1140 CAESAREM,
734 1053 818 1124 cir.
851 1076 908 1125 20.

104 1567 247 1653 Passioni.
260 1600 383 1666 instituit,
406 1610 436 1652 ut
450 1610 503 1652 tam
510 1602 628 1668 Senatus,
636 1619 714 1672 quum
724 1600 819 1674 populi
824 1601 920 1656 diarria
931 1615 989 1656 acta
1000 1603 1147 1678 confierent.

103 1683 152 1734 llic
162 1681 237 1734 locus
245 1700 260 1732 a
269 1681 425 1753 quibusdam
435 1681 462 1732 in
470 1683 648 1753 suspicionem
658 1681 700 1734 vel
710 1681 949 1753 corruptionis,vel
956 1686 1051 1736 erroris
1064 1683 1148 1737 addu-

103 1775 163 1814 ctus
172 1776 219 1814 est.
231 1763 287 1814 Nos
299 1780 393 1814 sanum
405 1780 480 1828 esse,
494 1775 536 1830 et,
548 1782 562 1816 a
575 1764 701 1816 Suetonio
712 1764 841 1834 originem
853 1777 974 1814 actorum
988 1783 1049 1817 vere
1063 1764 1147 1830 tradi,

102 1840 286 1894 defendemus.
293 1842 332 1894 Ac
339 1844 453 1913 primum
464 1841 570 1914 quidem
577 1859 698 1913 magnam
705 1844 758 1894 vim
768 1845 795 1894 in
806 1861 836 1895 ea
846 1863 875 1894 re
886 1841 965 1896 debet
976 1843 1074 1896 habere
1085 1845 1149 1897 Sue·

103 1924 170 1975 tonii
189 1924 350 1989 auctoritas,
369 1925 397 1974 iu
416 1925 492 1993 cujus
506 1921 647 1975 virtutibus
661 1937 785 1975 censetur
803 1926 957 1995 cumprimis
971 1938 999 1977 et
1013 1925 1148 1997 diligentia

101 2007 130 2055 in
144 2005 313 2055 monimentis
326 2017 558 2074 rerumgestarum
574 2002 762 2075 investigandis
779 2004 1009 2078 excudendisque,
1024 2021 1049 2059 et
1062 2009 1088 2057 in
1104 2025 1148 2058 re-

101 2081 154 2133 bus
168 2083 330 2154 posteritatis
346 2085 479 2134 memorie
496 2080 629 2135 tradendis
645 2082 725 2135 fides:
744 2100 810 2154 quas
826 2085 936 2136 virtutes
950 2096 1023 2136 tanto
1037 2085 1149 2158 quisque

102 2163 187 2232 magis
199 2164 227 2214 in
239 2180 272 2214 eo
287 2165 422 2232 agnoscit,
438 2181 491 2234 quo
503 2165 586 2233 magis
600 2165 736 2234 ingenium
751 2162 785 2214 sd
799 2182 843 2216 eas
855 2161 1039 2234 intelligendas
1050 2177 1149 2218 notan·

102 2243 205 2312 dasque
223 2241 356 2314 expolivit.
375 2244 465 2311 Quum
482 2256 570 2296 autem
589 2257 657 2297 esset
674 2245 800 2315 Magister
813 2243 984 2316 epistolarum
1002 2245 1076 2319 apud
1093 2247 1149 2300 Ha-

103 2322 227 2374 drianum
236 2325 439 2395 imperatorem,
451 2322 545 2376 habuit
556 2323 600 2376 ille
612 2323 684 2377 haud
696 2322 778 2377 dubie
790 2324 944 2377 facultatem
956 2343 1085 2380 summam
1096 2346 1150 2398 pu-

102 2400 233 2454 blicarum
246 2402 380 2456 literarum
394 2403 637 2474 inspiciendarum,
651 2407 679 2456 in
694 2403 791 2476 quihus
805 2418 831 2456 et
845 2416 903 2456 acta
918 2404 1029 2458 Senatus
1042 2406 1151 2478 populi-

103 2499 156 2554 que
169 2481 383 2534 numerabantur.
397 2484 487 2551 Quare
498 2483 573 2535 nullo
588 2483 668 2536 modo
683 2483 808 2536 credibile
821 2499 876 2549 est,
891 2502 951 2536 eum
968 2504 1028 2537 vera
1044 2484 1152 2538 illorum

102 2560 177 2612 initia
188 2573 236 2612 aut
248 2563 395 2632 ignorasse,
410 2572 456 2612 aut
468 2580 528 2614 vere
544 2561 649 2614 tradere
661 2561 788 2616 noluisse.
803 2563 897 2633 Neque
913 2561 981 2630 ulla,
996 2575 1026 2615 ut
1040 2565 1151 2636 opinor,

103 2638 236 2692 dubitatio
250 2639 285 2692 de
299 2659 330 2693 ea
344 2659 373 2692 ro
390 2642 515 2712 cuiquam
531 2654 601 2693 esset
617 2655 767 2709 commota,
781 2642 832 2694 nisi
843 2643 974 2713 superiori
986 2642 1076 2695 seculo
1087 2661 1151 2716 pro·

104 2719 159 2772 lata
177 2731 266 2772 essent
282 2721 430 2792 fragmenta
450 2719 588 2792 quedam,
606 2733 636 2772 ut
650 2733 742 2793 putata
758 2733 840 2787 sunt,
857 2733 975 2773 actorum
994 2721 1106 2775 Senatus
1125 2734 1152 2775 et

102 2798 218 2932 {filit
230 2799 516 2933 {mitid
528 2819 663 2951 ,32:¹53
674 2799 1151 2954 {tlltfifssfflliflili

103 2957 242 3011 Dodwello
259 2960 287 3010 in
301 2959 456 3030 Appendice
469 2960 670 3012 Prtelectionum
681 2959 922 3014 Camdenianarum
937 2973 963 3012 et
978 2961 1066 3014 multis
1080 2964 1150 3016 notis

102 3037 252 3103 illustrata,
266 3058 294 3109 p.
309 3038 459 3109 665-691.
477 3039 592 3092 Priorem
607 3038 714 3111 quidem
726 3033 829 3112 panteni
841 3039 877 3092 ad
889 3038 960 3092 hunc
977 3041 1095 3093 Suetonii
1108 3041 1151 3094 lo-

103 3135 166 3171 cum
176 3119 254 3170 etiam
264 3118 379 3172 Gratius
394 3117 527 3187 exhibuit,
540 3119 613 3174 haud
624 3120 676 3173 alio
688 3138 752 3173 sane
763 3120 890 3190 consilio,
902 3140 981 3195 quana
990 3134 1021 3174 nt
1032 3120 1151 3176 Suetonii

102 3199 193 3251 locum
204 3212 357 3270 suspectum
368 3197 498 3253 redderet.
513 3201 560 3253 Est
574 3220 638 3254 sane
653 3203 867 3272 potentissimum
879 3200 1003 3254 adversus
1017 3201 1057 3254 vel
1070 3201 1151 3255 fidem

102 3278 144 3331 vel
158 3281 334 3351 iutegritatem
349 3281 506 3352 scriptorum
522 3295 723 3352 argumentum,
741 3281 813 3352 quod
828 3300 843 3334 a
857 3279 971 3353 publicis
984 3299 1072 3334 rerum
1090 3301 1149 3334 mo-

101 3361 227 3412 nimentis
236 3358 349 3413 ducitur.
359 3361 467 3432 ltaque,
481 3363 503 3413 si
512 3362 661 3431 fragmenta
675 3375 795 3414 actorum
805 3361 838 3414 ad
850 3359 909 3416 illos
921 3379 1005 3414 annos
1015 3364 1150 3434 pertiuen-

101 3440 168 3490 tium
179 3437 323 3508 habemus,
335 3458 390 3493 non
400 3439 517 3494 dubitari
528 3455 631 3514 potest,
643 3443 709 3515 quin
721 3454 768 3495 ant
776 3461 792 3495 a
801 3461 865 3495 vero
878 3441 982 3495 aberret
992 3441 1149 3511 Suetonius,

102 3538 186 3593 φιιιιιι
204 3539 295 3573 eorum
312 3522 507 3586 confectionem
523 3525 638 3595 primum
657 3543 672 3577 a
689 3523 789 3578 Caesare
807 3522 923 3578 Consule
936 3524 968 3574 A.
987 3523 1150 3576 UDCXCV

101 3601 251 3652 institutam
268 3598 347 3668 dicit,
357 3612 410 3665 ,aut
424 3602 501 3655 locus
517 3602 638 3655 Suetonii
652 3603 740 3674 aliqua
754 3603 932 3676 corruptionis
945 3599 1048 3654 macula
1060 3603 1094 3655 sit
1108 3604 1151 3656 in-

103 3682 237 3752 quinatus.
252 3681 303 3734 Sed
314 3681 384 3734 salva
396 3701 438 3735 res
449 3696 504 3750 est,
517 3701 618 3756 neque,
633 3683 675 3736 vel
686 3683 737 3736 illis
748 3684 918 3757 fragmentis,
932 3682 974 3734 vel
986 3681 1037 3734 alio
1051 3682 1149 3736 idoneo

102 3773 274 3830 argumnto,
285 3759 458 3816 demonstrari
470 3775 573 3835 potest,
588 3775 708 3817 actorum
720 3776 823 3817 etatem
837 3764 945 3816 Cremris
956 3764 1071 3834 primum
1083 3781 1151 3815 con-

103 3839 219 3892 sulatum
238 3859 380 3913 superere3
400 3841 447 3896 sed
466 3857 557 3896 contre
577 3844 660 3897 multa
679 3846 706 3896 in
726 3847 886 3896 contrariam
904 3855 1007 3916 partem
1020 3841 1150 3916 disputari

101 3933 233 3991 possunt,
249 3922 345 3992 quibus
356 3922 519 3995 intelligatur
533 3924 652 3977 Suetonii
663 3923 728 3980 fides
741 3938 767 3978 et
779 3926 959 3977 confirmetur.

138 4001 207 4054 Nam
218 4003 348 4073 primum,
364 4004 437 4078 quod
452 4003 488 4057 ad
498 4008 597 4077 jactata
611 4005 657 4058 illa
671 4019 791 4058 actorum
807 4007 955 4078 fragmenta
969 4005 1076 4073 attinet,
1093 4023 1150 4076 qun

103 4083 217 4134 maxime
228 4083 356 4140 Suetonio
367 4098 530 4158 repugnant,
547 4106 579 4140 ea
591 4086 666 4139 haud
679 4086 760 4139 dubie
773 4087 808 4139 ab
824 4089 970 4160 impostore
984 4084 1073 4159 aliquo
1089 4098 1151 4138 suut

103 4161 228 4216 conficta.
245 4165 285 4217 ae
301 4164 366 4219 mihi
382 4166 487 4238 quidem
506 4167 608 4221 fraudis
624 4169 739 4241 suspicio
758 4171 875 4241 primum
893 4170 989 4239 injecta
1009 4177 1049 4219 est
1063 4165 1150 4218 eloco

103 4239 186 4308 Livii,
199 4241 233 4296 de
241 4243 345 4302 AEmilio
355 4244 461 4314 Paullo,
474 4247 563 4314 xliv,
576 4263 608 4300 aa
619 4246 697 4302 :ath
707 4246 758 4300 hae
768 4250 898 4302 concione
907 4245 1020 4314 Latinis,
1028 4263 1086 4318 quc
1096 4245 1151 4317 pn'·
