3026 5122
391 590 553 659 OCTAV.
580 589 843 668 AUGUSTUS.
1077 611 1136 680 ¹7¹

103 735 167 801 tur,
182 715 234 784 in⁴
247 716 360 784 lecum
369 715 512 783 Tribuni
525 713 634 808 piebis
645 715 731 782 forte
744 713 913 781 demortui
923 711 1141 784 candidatum

101 829 325 922 [petitorem]⁵
339 851 374 897 se
386 825 549 913 ostendit,
564 825 792 924 quemquern⁶
805 828 980 921 petricius,
994 829 1141 896 necdum

100 945 239 1008 Senator.
252 939 316 1009 Sed
330 939 550 1010 adversante⁷
565 937 740 1007 conatibus
753 942 823 1006 suis
836 943 884 1006 Μ.
898 941 1042 1006 Antonio
1054 943 1141 1007 Con-

99 1051 183 1133 sule,
203 1073 306 1145 quem
316 1049 371 1118 vei
388 1053 598 1143 praecipuum
611 1047 801 1142 adjutorem
818 1065 1027 1142 speraverat,
1047 1073 1087 1116 ae
1098 1073 1142 1118 ne

98 1157 284 1252 pubiicum8
297 1158 437 1256 quidem
448 1175 482 1227 et
493 1159 737 1228 translaticium
747 1156 803 1253 jus
815 1159 887 1228 ulle
899 1163 933 1227 in
948 1160 1060 1228 resibi
1070 1163 1142 1228 sine

98 1270 245 1364 pactione
260 1275 467 1364 gravissime!
482 1271 646 1342 mercedis
660 1275 890 1366 impertiente,
905 1271 949 1339 ad
964 1276 1142 1365 optimates

99 1400 132 1449 se
142 1382 298 1466 eontulit3
312 1381 435 1479 quibus
447 1406 526 1450 eum
539 1385 687 1451 invisum
698 1382 880 1465 sentiebat,
892 1385 1038 1452 maxime
1051 1381 1143 1480 quod

99 1494 436 1562 Deumumserutum
447 1494 624 1562 obsessum
633 1495 1143 1586 Mutinae,provinoiaaCaesare

131 1671 154 1740 4.
172 1674 205 1726 In
218 1673 305 1727 locum
317 1675 427 1727 Tribuni
435 1675 595 1749 plebisforte
675 1692 700 1746 7.
719 1675 879 1728 Advenante
893 1673 1025 1726 conatibus
1037 1673 1088 1727 suis
1101 1676 1142 1727 M.

99 1752 225 1804 deterrui.
249 1755 315 1820 Dio,
335 1755 421 1821 XLV,
442 1755 475 1822 6,
497 1755 594 1808 diserte
638 1755 764 1809 Antonio.
775 1756 853 1808 Conf.
862 1755 1068 1826 Dioetrippien.
1077 1754 1142 1808 locis

98 1831 177 1885 Helvii
193 1833 285 1885 Ginme
302 1834 436 1886 interfecti
453 1836 481 1886 in
502 1835 595 1888 funere
639 1834 777 1907 supracit.
1210 1883 1212 1892 .

99 1906 198 1966 saure
211 1911 282 1983 (vid.
297 1913 363 1968 cas.
377 1914 427 1986 85)
441 1913 533 1966 locum
546 1931 594 1985 pe·
675 1915 700 1967 8.
712 1915 755 1966 Ne
765 1911 902 1984 publicem
910 1910 1016 1984 quidem
1028 1921 1054 1964 et
1063 1923 1144 1966 tress-

99 1992 166 2044 tir'sse
181 1993 255 2045 dicit.
639 1985 1144 2062 iniciemus-,eteJuspubiicumeet,

130 2070 154 2123 5.
173 2070 348 2123 candidarum
362 2067 530 2145 [postremi
543 2073 596 2124 Vo-
640 2069 714 2142 quod
728 2069 761 2122 ed
777 2089 869 2122 omnes
883 2071 955 2124 eires
968 2071 1099 2143 pertinet,
1113 2084 1145 2124 nt

99 2148 153 2201 eeb.
165 2150 320 2222 pestremo,
337 2150 411 2221 quod
428 2153 457 2203 in
475 2150 595 2223 piurimis
639 2151 942 2221 interpreteturErnest.
958 2153 986 2204 in
1000 2149 1075 2202 ctu.
1086 2151 1143 2202 Cie.

98 2227 176 2282 Codd.
191 2230 284 2296 abest,
298 2244 365 2283 teste
376 2230 552 2304 Oudendorp.
565 2245 595 2284 ut
639 2230 689 2282 sub
703 2249 762 2282 voe.
770 2233 830 2302 jus,
844 2229 881 2282 Ν
892 2248 919 2301 9.
942 2229 1144 2282 Tmnsiatier'um

99 2310 261 2364 menifestum
272 2311 405 2384 piosseme
414 2315 490 2365 uncis
500 2312 596 2365 inclusi
639 2311 747 2381 proprie
759 2321 799 2361 est
807 2309 974 2376 desumtnm,
986 2308 1145 2360 translatum

98 2403 155 2440 enm
163 2391 274 2443 Wolfio.
287 2391 412 2445 Oudend.
424 2411 535 2464 prorsus
544 2395 596 2463 eje·
640 2389 792 2442 exeliorum
799 2388 892 2441 edictis
900 2401 927 2441 et
936 2387 1072 2454 formulis,
1081 2387 1145 2440 inde

98 2469 138 2520 eit
160 2469 345 2537 Gronovium,
364 2470 430 2524 illud
447 2471 596 2526 defenden·
640 2470 761 2520 usitatum
766 2508 776 2535 ,
795 2468 964 2522 ordinarium.
984 2467 1087 2519 Vocab.
1099 2469 1146 2538 jus

99 2557 163 2614 tem,
176 2548 290 2602 Observ.
303 2549 343 2616 li,
358 2551 407 2616 24,
421 2553 473 2618 ite,
488 2563 518 2603 ut
531 2569 595 2604 can·
639 2560 701 2600 ente
713 2545 874 2599 (ilar-sanum
891 2560 917 2599 et
930 2548 1056 2600 Ursinurn
1074 2546 1145 2599 desi-

100 2625 210 2680 didatum
220 2647 272 2699 pro
282 2628 414 2700 adjectivo
424 2629 596 2699 additumsit,
640 2627 793 2680 derabetur.
801 2629 913 2697 injurias
920 2627 1029 2680 Antonii
1036 2628 1073 2678 ita
1080 2645 1146 2698 peu·

98 2706 151 2774 jure
172 2709 316 2761 Burmann.
338 2709 457 2776 refutat,
481 2728 597 2763 evocem
641 2710 678 2760 eis
699 2707 885 2779 complectitur
904 2707 1017 2774 Florus,
1035 2709 1087 2773 IV,
1106 2705 1143 2773 4:

100 2787 246 2842 mdidetus
259 2807 292 2842 ex
310 2788 356 2842 iiio
373 2807 469 2860 genere
486 2791 597 2863 adjecti·
643 2788 804 2860 «prelatum
818 2787 868 2840 sibi
880 2787 1022 2840 Octavium
1035 2786 1145 2852 furens,

99 2878 185 2918 torum
199 2885 257 2921 esse
269 2865 387 2935 docens,
406 2887 464 2940 qne
478 2872 515 2922 ite
532 2871 597 2922 sub·
640 2867 800 2940 inexpiabile
817 2882 910 2922 contre
926 2866 1100 2940 adoptionem
1116 2885 1146 2919 ι-

100 2950 267 3002 stentivornm
279 2964 403 3002 naturam
412 2954 597 3019 assumserim,
641 2953 747 3002 cerrimi
756 2951 859 3022 juvenis
870 2963 1024 3023 susceperat
1034 2949 1144 3002 bellum.

99 3041 126 3079 ut
137 3031 328 3084 consuetudine
339 3043 365 3084 et
374 3048 425 3083 usu
434 3049 538 3105 semper
546 3051 597 3104 pro
641 3033 748 3105 Quippe
765 3051 846 3104 quum
858 3035 928 3084 intra
940 3029 1071 3084 decentet
1083 3042 1145 3082 octo

100 3105 128 3159 iis
153 3105 335 3164 habeantur.»
367 3112 466 3164 Uentre
495 3127 598 3186 pugnat
642 3131 725 3167 annos
738 3125 876 3180 tenerum,
889 3115 1146 3184 obnoxium,etop·

99 3188 223 3242 Walther.
236 3191 350 3244 Observ.
363 3209 424 3262 pag.
441 3193 488 3259 14,
501 3191 548 3244 sed
559 3189 597 3244 nii
641 3205 787 3264 portorium
796 3195 897 3262 injurio
902 3196 1025 3262 juvenem
1034 3191 1146 3258 videret,

101 3271 237 3342 quicquum
250 3271 359 3344 probet·
642 3291 670 3326 se
682 3275 761 3345 piene
774 3293 805 3326 ex
822 3272 977 3325 commilitio
989 3274 1095 3324 Gesseris
1106 3272 1147 3324 di·

131 3347 155 3400 6.
167 3351 331 3423 Quemquam
340 3349 477 3422 patricius,
487 3351 596 3403 necdum
641 3355 764 3426 gnitatis,
784 3339 901 3406 lacerare
917 3351 994 3405 furtis
1012 3350 1147 3403 heredite-

99 3426 597 3501 Sesntor.Dediscriminepetriciorum
640 3443 710 3499 tem,
729 3434 819 3504 ipsum
833 3433 958 3485 insectari
974 3430 1096 3502 probris,
1120 3441 1146 3481 et

100 3517 124 3560 et
136 3507 292 3561 Senatorum
305 3508 366 3561 vide
380 3509 444 3562 Ces.
456 3512 499 3579 41.
514 3511 597 3562 Petri·
641 3515 744 3566 cunetis
760 3513 861 3566 artibus
876 3533 956 3585 quum
972 3511 1147 3582 adoptionem

99 3587 143 3637 siis
151 3587 315 3640 tribunatum
325 3588 597 3660 pieb.nonpatuisse,
641 3591 716 3646 ‚luiie
732 3594 818 3664 gentis
834 3591 955 3644 inhibere
972 3607 1027 3642 non
1043 3589 1147 3641 desine-

100 3662 208 3736 ideoqne
224 3686 249 3719 v.
266 3687 290 3718 c.
310 3666 437 3719 Clodium·
453 3667 598 3738 adoptione
641 3683 701 3734 ηις
716 3672 831 3745 denique
844 3671 878 3723 ad
890 3666 1094 3742 opprimendum
1103 3668 1145 3736 ju·

100 3739 131 3796 sd
141 3744 246 3816 piebem
259 3749 412 3812 transiisse,
423 3757 453 3798 nt
463 3749 598 3818 particeps
641 3769 735 3804 venem
751 3751 840 3823 palem
856 3769 929 3802 arma
948 3747 1051 3812 moliri,
1070 3759 1143 3798 ete.»

99 3829 231 3893 potestatis
241 3821 314 3878 iliius
324 3827 413 3890 fleret,
423 3839 487 3878 nota
497 3843 539 3878 res
549 3838 598 3879 est.
642 3831 683 3883 Cf,
692 3831 747 3883 Cic,
755 3830 871 3901 Philipp.
879 3831 916 3896 ΙΙ,
926 3829 958 3894 42
968 3865 976 3892 ,
985 3837 1010 3876 et
1018 3825 1067 3890 111,
1078 3841 1117 3876 12.

100 3902 132 3956 Ut
141 3919 227 3959 autem
239 3906 513 3974 Senatores‘tantum,
527 3909 598 3976 iique
679 3927 704 3980 9.
712 3911 849 3962 Decimum
858 3905 1147 3960 Brutumconsulfue·

101 3983 252 4052 plebeii‚ad
260 4007 320 4040 earn
327 3988 534 4053 admitterentur,
542 3987 600 4040 Sui·
642 4001 684 4042 ret
695 3989 846 4060 designatus
862 4005 879 4040 a
894 3989 995 4040 Caesare
1007 3989 1034 4038 in
1047 4003 1146 4038 annum

100 4061 128 4114 ts
143 4066 229 4120 fueret
248 4071 417 4137 institutum,
439 4085 599 4140 quamquam
644 4085 710 4140 711,
722 4079 748 4120 et
759 4069 923 4140 provinciam
933 4078 1072 4137 acceperet
1084 4063 1146 4119 Gai-

102 4141 200 4198 dubitat
212 4149 328 4220 Appisn.
346 4148 411 4201 Ueii.
428 4149 482 4201 civ.
496 4147 523 4214 1,
540 4163 598 4200 100.
642 4147 706 4200 iiam
721 4149 889 4200 citeriorem:
907 4147 974 4213 Dio,
989 4145 1086 4210 XLIV,
1104 4143 1144 4209 14.

102 4219 172 4276 conf.
180 4227 252 4297 Lips.
261 4227 344 4280 Eleet.
353 4231 391 4294 11,
405 4228 450 4296 13,
461 4239 487 4280 et
495 4225 596 4280 Febris.
643 4229 709 4280 Earn
719 4239 839 4299 ereptum
850 4226 888 4279 ilii
897 4225 952 4279 ibat
961 4225 1106 4288 Antonius,
1116 4235 1145 4273 ut

103 4301 134 4355 ad
143 4303 221 4359 Dion.
233 4307 301 4375 LIV,
312 4307 355 4361 3ο.
499 4343 502 4352 =
644 4309 749 4361 Caesaris
760 4307 880 4378 exemplo
891 4323 953 4360 eum
962 4306 1079 4359 exercitu
1088 4302 1146 4354 fini-
