3122 5134
387 621 426 662 ro
757 598 792 660 G.
816 597 1052 665 SUETONII

381 719 516 804 ilbodo,
530 743 597 816 qao
608 719 840 812 pertenderat,
856 725 1017 792 transiit'¹
1031 724 1069 788 in
1078 723 1210 790 asum:
1223 722 1421 816 auxiliisque

379 835 575 914 mactis,
591 849 626 900 et
637 831 798 901 Pnaeiacto
809 836 897 925 regis
909 831 1253 926 panvinoia'expulso,
1268 849 1421 900 nutantes

378 969 418 1012 ac
431 943 551 1012 dubias
564 945 715 1010 civitates
729 944 867 1010 retinuit
880 945 915 1010 in
930 941 1007 1010 fide.

426 1060 465 1120 V.
492 1052 682 1122 Tribunatu
701 1052 870 1137 utilitum,
890 1055 952 1149 qui
976 1056 1105 1147 primus
1127 1057 1268 1120 Romam
1288 1075 1422 1120 reverso

378 1162 1422 1259 per¹suffiugiapopuliboeorobtigit,auctores²restituendae

379 1273 564 1343 tribuniciae
583 1278 775 1368 potestatis,
790 1275 892 1368 cujus
909 1280 978 1344 vim
994 1277 1084 1347 Sulla
1101 1277 1330 1358 deminuerat,
1349 1277 1418 1342 cui-

378 1527 390 1550 a
401 1505 503 1576 mains)
517 1507 557 1557 fut
571 1525 623 1560 une
638 1511 734 1579 espace
748 1506 781 1560 de
795 1505 884 1560 servi·'
923 1511 992 1580 tur),
1006 1511 1105 1562 verina
1121 1527 1148 1560 re
1158 1527 1208 1582 pro
1221 1507 1294 1560 varia
1308 1505 1420 1576 partium

379 1584 477 1650 ntude,
489 1584 508 1636 il
522 1587 586 1638 dtait
599 1588 755 1638 neanmoins
768 1588 819 1638 tries
835 1603 877 1638 re·
921 1590 963 1642 vel
980 1589 1102 1640 ordinum
1120 1589 1256 1659 potentia,
1276 1583 1315 1638 vel
1330 1597 1422 1656 postu-

378 1685 389 1707 «
400 1661 525 1725 chercb63
537 1683 627 1716 caron
638 1663 877 1736 dtaitstirquel'on
921 1669 992 1722 lante
1004 1668 1126 1741 Reipubl.
1143 1668 1313 1729 necessitate,
1329 1677 1359 1714 ut
1372 1683 1420 1736 po·

378 1763 433 1795 nne
447 1747 561 1798 rccevait
575 1745 700 1818 d'injures
715 1765 767 1818 que
783 1745 876 1815 d'eux,
921 1748 999 1820 pulo,
1015 1749 1111 1818 ineptis
1127 1746 1195 1798 hanc
1210 1745 1362 1814 dignitatem
1377 1742 1421 1792 tri·

378 1847 389 1869 ι
400 1837 425 1874 et
435 1823 487 1875 l'on
496 1827 566 1876 avait
575 1828 644 1896 sujet
653 1825 786 1898 d’espe'rer
796 1825 878 1898 qu'el-
921 1823 1020 1878 buendi
1033 1839 1112 1897 atquc
1124 1827 1160 1875 ita
1172 1825 1262 1896 patrita
1277 1818 1421 1885 officiendi,

378 1899 436 1950 ales
454 1903 568 1954 seruient
586 1903 735 1956 moindres:
756 1906 841 1974 ainsi,
858 1903 876 1957 il
921 1918 1038 1976 potestas
1051 1903 1219 1956 adimeretur.

377 2003 388 2024 ι
400 1977 440 2051 n'y
449 1981 518 2031 avait
530 1983 603 2051 point
614 1981 647 2034 dc
657 1985 769 2035 services
779 2002 829 2054 que
840 1983 876 2040 les
958 1979 1421 2044 a.Auctoresoestt'tuendoe,etc.llem,

376 2081 388 2102 ι
397 2056 508 2128 peuples
516 2072 542 2110 et
549 2057 587 2110 les
596 2064 647 2112 rois
654 2081 686 2112 ne
695 2063 798 2114 fussent
806 2066 876 2132 prets
920 2081 969 2134 par
976 2061 1066 2134 plures
1073 2079 1157 2112 annos
1167 2079 1228 2113 cum
1236 2060 1353 2110 maximis
1360 2075 1422 2108 con-

376 2138 413 2187 ιὲ
433 2135 539 2203 rendre,
559 2141 586 2190 ni
600 2139 634 2192 tle
652 2140 786 2194 bassesses
801 2141 876 2212 qu'ils
921 2143 1082 2196 tentionibus
1090 2156 1215 2194 tentatam
1222 2140 1268 2212 (ci.
1277 2141 1421 2191 orationem

375 2237 387 2259 ι
397 2233 430 2265 ue
439 2215 761 2288 fissentpourl'obtenir.·
769 2221 877 2272 Norunt
920 2224 1012 2276 Licinii
1023 2223 1126 2290 Macri,
1147 2219 1219 2291 apud
1232 2219 1334 2272 Sallust.
1350 2217 1420 2269 Edit.

371 2291 425 2345 hoc
439 2297 547 2346 ineunte
562 2297 657 2349 saeculo
672 2314 776 2369 gentes,
797 2319 875 2371 quarn
891 2309 897 2320 '
920 2317 1002 2353 nostr.
1016 2319 1077 2372 pafl-
1089 2299 1156 2370 390)
1168 2299 1335 2370 perfecerunt
1346 2297 1422 2347 Pom·

372 2375 440 2428 dura
457 2379 490 2428 eit
505 2379 635 2446 amicitia,
655 2399 713 2451 quae
732 2381 876 2433 ioederato·
918 2381 995 2450 peius
1015 2393 1040 2431 et
1054 2379 1163 2432 Crassus
1177 2375 1324 2455 ssonsules,
1342 2377 1375 2427 Δ.
1390 2375 1420 2425 U.

372 2475 430 2508 ruta
450 2477 558 2527 gregem
579 2462 657 2512 unius
678 2461 807 2513 voluntati
826 2459 875 2511 ob-
920 2457 981 2523 684.
994 2456 1060 2510 Vell.
1073 2459 1108 2522 ll,
1121 2459 1170 2510 30:
1189 2457 1268 2508 allon
1282 2451 1422 2506 consulatu

372 2539 490 2606 stringit,
503 2557 600 2610 quum,
612 2540 802 2611 imperantibus
814 2540 876 2592 Gal·
920 2539 1061 2608 Pompeius
1079 2535 1244 2589 tribuniciam
1264 2546 1421 2605 potestatem

293 2635 296 2640 ¹
371 2616 416 2680 lis,
427 2617 561 2690 Europam
570 2618 714 2690 supercilio
725 2617 799 2670 miles
812 2639 875 2690 pun-
920 2618 1046 2682 restituit,
1055 2618 1130 2685 cujus
1139 2613 1210 2668 Sulla
1218 2616 1358 2685 imaginem
1367 2616 1421 2664 sius

372 2709 482 2764 putatus
497 2699 629 2750 movebat.
638 2699 720 2750 -At
729 2697 827 2750 Rhodo.
837 2701 875 2750 lta
915 2696 975 2764 jure
986 2693 1156 2766 reliquerat·
1167 2696 1286 2766 —Cujus
1296 2693 1347 2744 vim
1358 2691 1422 2745 Sul·

372 2792 440 2842 saepe
451 2789 573 2828 auctores
583 2799 588 2826 :
599 2777 633 2828 cl.
645 2779 754 2847 interpr.
764 2775 798 2828 ad
808 2777 873 2828 Caes.
919 2769 946 2823 la
956 2773 1126 2826 deminuerat·
1136 2773 1191 2824 Ην.
1200 2773 1270 2843 Epit·
1278 2771 1420 2823 LXXXIX:

370 2849 436 2916 Bell.
450 2853 505 2904 civ.
520 2855 544 2917 l,
561 2871 600 2918 tt,
611 2854 657 2906 ubi
669 2857 702 2906 ab
712 2855 841 2906 Arimino.
922 2874 932 2896 ι
943 2851 1015 2903 Sulla
1028 2853 1147 2902 Dictator
1163 2851 1276 2902 iactus...
1288 2847 1423 2901 Tribuno-

372 2967 378 2981 ,
411 2929 875 3002 tt.TransiitiuAsiam:inaguosa·
919 2949 979 2982 rum
994 2929 1080 3002 plebis
1098 2943 1256 3002 potestatem
1270 2930 1382 2996 minuit,
1397 2941 1422 2980 et

373 3025 405 3056 ne
418 3005 532 3060 bominis
543 3011 635 3079 privati
646 3026 753 3062 conatu.
765 3014 874 3062 Praeerat
919 3029 998 3064 omne
1010 3016 1054 3082 jus
1072 3011 1159 3082 legum
1174 3009 1342 3064 ferendarum
1357 3008 1422 3062 adc-

372 3087 438 3138 As'ne
451 3101 507 3138 turn
518 3091 628 3154 lunius,
642 3092 686 3162 qui
699 3091 798 3144 Velleio
810 3095 875 3143 Pro·
919 3093 974 3142 mit.
986 3115 997 3137 ι
1018 3093 1222 3159 MourasQuttu,
1242 3091 1382 3144 Grundenr
1398 3099 1423 3140 et

372 3164 467 3216 consul
481 3165 584 3219 dicitnr.
602 3171 663 3220 Nou
678 3171 734 3221 sine
744 3173 817 3240 justa
832 3189 874 3223 ra·
918 3171 1082 3238 Decedence,
1093 3185 1143 3222 etc.
1155 3189 1213 3243 cap.
1225 3171 1275 3222 XI:
1292 3168 1386 3242 asytla
1395 3168 1422 3220 lit

372 3245 444 3296 tione
456 3251 586 3298 morosius
598 3246 642 3298 illc
654 3251 809 3318 arrogantiae
821 3250 874 3301 Cae·
921 3273 932 3298 ι
943 3251 990 3302 des
996 3251 1045 3302 lois
1051 3254 1101 3302 tres
1108 3252 1303 3322 propres'aoter
1309 3249 1423 3300 lacause

372 3325 438 3376 saris
451 3327 634 3378 succensebat.

408 3405 439 3455 V.
454 3421 474 3454 t.
486 3406 673 3477 Persuffraqic
679 3406 781 3478 populi.
794 3407 874 3460 ltadc

372 3484 457 3536 Mario
469 3483 573 3538 Sallust.
587 3485 646 3554 Jug.
660 3484 709 3536 63:
726 3487 816 3556 «Ergo
829 3485 874 3538 ubi

371 3564 487 3634 primum
510 3561 672 3616 tribunatum
697 3565 836 3616 militarem
858 3587 874 3617 a

371 3642 470 3714 populo
479 3643 558 3713 petit,
570 3641 702 3715 plerisque
711 3645 807 3694 faciem
817 3646 873 3714 ejus

372 3721 570 3790 brnornntibus,
582 3721 661 3773 facile
673 3736 752 3773 notus
762 3741 810 3792 per
820 3741 874 3774 om·

374 3816 416 3850 nes
429 3803 506 3853 tribus
517 3799 671 3852 declaratur.
684 3824 694 3846 ι
709 3799 812 3851 Scilicet
824 3799 874 3852 elc-

374 3880 427 3927 ctio
435 3881 612 3932 'lribunorutn
621 3878 732 3930 militum
740 3877 820 3930 modo
830 3899 874 3951 pe·

375 3975 421 4006 tres
429 3960 615 4028 imperatores,
625 3958 705 4010 modo
714 3958 796 4010 divisa
806 3961 875 4010 inter

374 4037 503 4088 Consules
516 4054 541 4090 ct
553 4041 683 4112 populum
696 4053 752 4091 erat
763 4038 812 4108 (ab
824 4037 873 4093 illis

375 4117 457 4167 creati
464 4119 554 4173 Rutuli
560 4118 719 4192 scnllufuli,
730 4117 873 4170 secundum

376 4197 875 4268 FestumabauctorclegisRutiliollu·

376 4274 421 4339 fo,
440 4273 473 4325 ab
493 4273 543 4326 boc
562 4279 688 4328 comitiati
703 4277 874 4350 altltullabau-

922 3352 933 3374 ι
943 3329 989 3381 des
1000 3328 1139 3384 ddsordres
1152 3348 1204 3399 que
1214 3328 1265 3380 l'on
1279 3329 1347 3380 avait
1359 3339 1420 3379 vus:

922 3407 1006 3460 uelles
1025 3411 1221 3478 augmentaient
1237 3405 1371 3459 l'autoritd
1386 3403 1421 3455 du

922 3509 933 3534 a
944 3489 1031 3550 senat,
1043 3488 1216 3558 temperaieut
1224 3485 1249 3538 le
1259 3485 1376 3557 pouvoir
1386 3481 1422 3534 du

922 3566 1056 3638 «peuple,
1075 3566 1204 3638 reglaient
1222 3563 1290 3618 celui
1309 3563 1355 3616 das
1377 3563 1422 3614 tri·

922 3644 1020 3698 ·buns.
1079 3646 1207 3716 Pompelo,
1226 3663 1296 3717 pour
1311 3643 1424 3695 s'attirer

922 3748 933 3772 ιι
942 3725 969 3778 la
983 3727 1089 3788 faveur,
1109 3725 1137 3776 fit
1156 3741 1244 3777 casser
1262 3725 1300 3776 les
1318 3723 1370 3776 lois
1389 3721 1422 3776 de

920 3827 932 3850 a
943 3804 1011 3878 Sylla
1022 3806 1066 3877 qui
1075 3803 1216 3856 bornaient
1225 3805 1252 3856 le
1261 3804 1376 3875 pouvoir
1385 3799 1422 3853 du

922 3883 1052 3954 npeuple3
1064 3896 1090 3934 at
1101 3883 1190 3954 quand
1199 3882 1218 3934 il
1230 3897 1274 3936 eut
1287 3883 1332 3936 tait
1345 3881 1362 3932 a
1373 3898 1422 3934 son

922 3962 1070 4012 uambition
1083 3980 1118 4012 un
1131 3963 1250 4014 sacrifice
1262 3961 1308 4013 des
1320 3959 1370 4012 lois
1383 3959 1421 4010 les

922 4063 932 4085 u
942 4040 1002 4110 plus
1012 4039 1150 4094 salutaires
1160 4040 1230 4094 desa
1240 4043 1337 4112 patrie,
1348 4037 1366 4088 il
1376 4037 1421 4088 ob·

922 4142 932 4165 u
943 4121 993 4170 tint
1005 4131 1063 4170 tout
1075 4138 1105 4170 cc
1118 4117 1179 4190 qu’il
1189 4119 1296 4182 voulut,
1308 4131 1333 4168 ct
1345 4115 1370 4168 la
1384 4117 1421 4166 te-

922 4199 1035 4248 «mcritc'
1047 4197 1083 4248 du
1092 4196 1189 4269 penple
1202 4199 1242 4249 fut
1255 4215 1314 4251 saus
1324 4194 1420 4247 bornat

923 4277 959 4326 aa
972 4295 1019 4328 son
1033 4276 1121 4346 sigerd.
1132 4301 1143 4322 a
