2982 5116
374 525 534 592 OCTAV.
560 526 819 594 AUGUSTUS.
1055 530 1121 594 223

84 653 220 724 confessi
239 651 431 720 afficiuntur
452 651 517 720 bac
538 675 656 744 poena,
677 655 722 720 ita
745 652 852 720 fertur
875 651 1120 746 interrogasse:

88 765 202 830 ucerte
213 779 344 856 patrem
356 777 455 830 tuum
467 786 536 830 non
549 762 741 830 occidistiia
756 767 798 829 Et
809 783 915 857 quum
926 759 969 828 de
980 761 1067 832 falso
1078 781 1122 830 te·

84 890 242 942 stamento
259 889 428 965 ageretur,
448 871 652 968 omnesque4
672 876 856 964 signatores
875 871 950 965 lege
967 874 1123 956 Cornelia

83 957 281 1067 tenerentur,
301 1007 370 1052 non
392 999 524 1052 tantum
542 963 628 1052 duas
649 983 804 1067 tabellas,
826 983 1069 1054 damnatoriam
1090 1003 1124 1054 et
1191 1071 1197 1091 ι

82 1094 333 1180 absolutorium,
357 1094 457 1163 simul
480 1095 760 1187 cognoscentibus
779 1095 886 1180 dedit,
911 1095 971 1164 sed
991 1101 1122 1165 tertiam

83 1229 227 1300 quoque,
241 1232 309 1302 qua
324 1209 553 1298 ignosceretur
564 1209 621 1288 iis,
637 1231 723 1303 quos
733 1207 851 1276 fraude
863 1207 906 1276 ad
921 1207 1122 1300 signandum

81 1316 129 1384 vel
141 1340 254 1386 errore
264 1318 419 1386 inductos
430 1323 643 1390 constitisset.
657 1319 927 1414 ⁵Appellationes
941 1323 1122 1415 quotannis

81 1426 284 1497 urbanorum
296 1427 434 1525 quidem
454 1429 659 1522 litigatorem
676 1428 856 1500 Praelecto6
875 1429 1041 1524 delegavit
1056 1437 1122 1502 Ur-

64 1679 67 1686 .
80 1612 117 1664 leo
131 1615 250 1666 insuetur
264 1633 325 1667 cum
339 1633 419 1682 cane,
432 1615 504 1686 gallo
517 1615 575 1687 gal·
621 1629 648 1669 et
664 1635 777 1689 quorum
797 1629 853 1669 erat
871 1618 1027 1669 sententiam
1043 1617 1120 1668 ferre.

79 1690 188 1759 linaceo,
198 1694 337 1764 etvipsra,
348 1707 374 1744 et
383 1694 470 1760 simin,
478 1691 576 1746 deindo
656 1697 682 1749 5.
701 1695 905 1768 Appellationes.
916 1699 955 1749 De
966 1693 1124 1768 appellatio-

10 1779 12 1786 '
78 1771 101 1820 in
118 1791 187 1824 mare
203 1771 370 1843 profundum
385 1767 477 1825 'culeus
488 1775 575 1843 jacte—
620 1776 699 1830 nibus
709 1777 804 1829 doctus
815 1777 1079 1848 estExcursusLipsii
1089 1775 1123 1827 atl

78 1861 145 1901 tur.»
159 1850 236 1904 Cous.
253 1852 396 1922 Augtrstin.
412 1852 445 1903 ds
460 1849 575 1922 Legibus
619 1855 704 1911 Tacit.
722 1857 819 1910 annal.
838 1860 908 1923 XIV,
928 1859 961 1910 28
979 1855 1058 1926 (tom.
1077 1857 1122 1921 Π,

77 1927 164 1996 (Thes.
174 1945 239 1982 tom.
250 1933 288 1998 11,
299 1949 327 2003 p.
342 1931 438 2002 1250),
450 1945 476 1983 et
485 1929 574 2003 Sigon.
619 1955 680 2009 pag.
696 1935 746 2003 524
760 1937 828 1988 Edit.
841 1934 960 2005 nostra).
974 1937 1020 1986 ilis
1032 1937 1124 2006 preci·

78 2007 108 2060 de
118 2009 240 2077 iudiciis,
253 2013 290 2076 11,
302 2011 334 2062 31
349 2008 428 2081 (ibid.
442 2027 468 2084 p.
485 2010 573 2082 1792).
619 2015 1123 2087 pue,aliaeinterdomlnationisartes,

77 2089 174 2140 Diserte
185 2091 268 2159 igitur
283 2088 390 2142 additur
400 2091 428 2141 in
440 2087 490 2141 bac
503 2090 575 2160 lege,
619 2094 654 2146 ad
666 2096 806 2166 imperium
816 2092 974 2146 firmandum
987 2094 1122 2162 Augustus

77 2183 126 2220 aon
143 2170 191 2220 nisi
208 2169 338 2242 confessos
355 2167 509 2242 afficiendos
526 2171 575 2223 bac
619 2193 682 2226 usus
697 2187 752 2242 est,
770 2192 851 2248 quum
866 2177 892 2226 in
907 2173 986 2227 rebus
1004 2175 1123 2243 gravissi·

74 2263 154 2315 puae.
166 2247 305 2317 Effugium
316 2247 451 2318 Augustus
463 2249 522 2320 ipse
534 2251 575 2300 lu·
618 2258 668 2308 mis
676 2256 793 2309 ultimam
802 2253 834 2308 ad
842 2256 1122 2327 seseprorocationsm

76 2325 222 2396 terrogandi
235 2327 340 2378 ratione
359 2343 405 2379 reo
420 2325 575 2399 suppeditet·
618 2351 748 2407 perpetuo
762 2337 910 2388 servaverit.

76 2404 120 2469 vit,
133 2424 215 2476 quum
228 2423 285 2456 non
298 2417 438 2477 quaereret,
451 2407 523 2458 Num
538 2408 575 2457 fe-
654 2414 679 2466 6.
689 2412 953 2488 Proefectodeleguvit
961 2411 1042 2466 Urbis.
1050 2413 1121 2464 Num

75 2483 129 2533 cisti
140 2483 332 2554 parricidium,
347 2484 423 2552 cujus
436 2501 499 2536 reus
513 2501 575 2555 θεο-
619 2493 657 2542 ita
667 2491 833 2544 scribendum
844 2505 926 2557 esset,
938 2491 1027 2542 timide
1037 2491 1122 2541 ambi-

76 2561 121 2610 riti
132 2561 306 2627 tetl‚=N⁰nne
317 2581 409 2616 verum
423 2575 476 2631 ott,
488 2577 515 2616 te
527 2581 574 2636 pa·
618 2589 679 2641 gere
692 2587 720 2622 se
733 2569 839 2622 dicebat
850 2570 920 2640 Lips.
935 2569 952 2620 l.
969 2587 991 2619 c.
1004 2570 1121 2640 Recepta

75 2649 136 2690 trem
150 2659 202 2692 non
219 2641 369 2694 occidisse?
618 2663 711 2722 postea
725 2664 764 2703 est
779 2667 810 2702 ea
823 2649 972 2701 emendatio
985 2667 1033 2720 pro
1047 2650 1119 2720 vulg.

107 2718 130 2784 4.
151 2721 573 2796 OmnesquesignatorcslegeCor·
617 2729 728 2782 Pmtori
746 2729 862 2792 urbano,
882 2727 923 2780 vel
945 2727 1120 2798 comprobata

75 2793 138 2850 belia
146 2809 302 2853 tenerentur·
310 2799 396 2852 Verba
406 2799 486 2871 hujus
495 2799 573 2872 legit,
618 2809 710 2862 saltem
722 2827 737 2860 a
748 2807 880 2874 Casault„
894 2807 967 2872 Ern,
981 2807 1120 2876 Oudend,

74 2873 127 2928 leue
141 2897 157 2930 a
168 2881 298 2934 Cornelio
312 2879 401 2948 Sulla,
418 2879 474 2940 baec
492 2895 569 2934 sunta
617 2889 732 2942 Wolfio=
747 2903 869 2939 assensus
882 2897 921 2938 est
933 2888 1012 2937 etiam
1024 2887 1120 2955 lisita,

77 2957 196 3028 sl’retor,
212 2964 258 3033 qui
273 2979 305 3012 ex
321 2960 371 3012 hnc
385 2959 443 3031 lege
459 2974 571 3031 queret,
617 2969 678 3040 quia
697 2967 815 3018 Praefecti
832 2965 911 3018 Urbis
930 2979 1048 3036 potestas
1069 2967 1119 3020 sub

74 3034 104 3087 de
116 3039 170 3106 ejus
185 3043 275 3112 capite
291 3041 416 3112 querito,
432 3043 477 3110 qui
491 3054 572 3094 testa·
616 3046 1119 3118 Principibutmaxitna.Moecenasapud

73 3127 183 3168 mentum
202 3119 348 3184 amoverit,
365 3115 502 3182 celaverit,
519 3120 573 3170 cti·
616 3126 696 3178 Dion.
708 3127 765 3194 Lll,
779 3125 961 3196 nr,jndicium
974 3125 1119 3194 decausis,

72 3197 168 3263 puerit,
176 3195 318 3262 deleverit,
328 3196 501 3264 interleverit,
511 3197 572 3250 sub·
616 3206 644 3256 in
659 3204 756 3275 quibus
768 3224 785 3257 a
800 3205 909 3276 reliquis
920 3206 1117 3276 magistratibus

69 3273 171 3343 jecerit,
183 3279 371 3347 resignaverit,
384 3278 483 3348 quique
493 3289 572 3330 testa·
615 3297 789 3354 provocatum
799 3281 832 3333 ad
844 3285 933 3355 ipsum
943 3283 1042 3351 fluerat,
1055 3287 1119 3336 Prae-

72 3369 182 3410 mentum
200 3357 298 3410 falsum
317 3359 467 3430 scripserit,
485 3357 571 3431 rigna·
615 3365 687 3417 fecto
705 3365 784 3416 Urbis
802 3363 899 3418 diserte
917 3364 1019 3418 tribuit.
1038 3369 1119 3419 Error

73 3435 295 3502 verit,recitaserit
303 3435 368 3490 dolo
376 3436 456 3504 malo,
464 3438 571 3506 cujusve
615 3437 709 3490 exstitit
720 3454 734 3488 e
747 3437 883 3506 scripturas
895 3437 1055 3508 compendio
1066 3440 1116 3489 Pu.

72 3511 130 3566 dolo
139 3516 207 3570 malo
220 3517 249 3570 id
259 3519 361 3570 factum
371 3518 434 3583 erit,
447 3529 519 3569 etc.»
533 3517 571 3568 si·
616 3516 691 3568 URB.
705 3515 785 3584 Quod
796 3530 885 3568 eutem
900 3519 1040 3588 quotannis
1050 3517 1118 3570 dele·

71 3611 128 3662 gon.
138 3594 400 3662 delud.ll,3n.Ssd
409 3594 571 3647 indeabAu.
614 3611 690 3666 gesse
718 3613 776 3647 sum
803 3597 966 3667 provinciam
993 3598 1117 3650 Praefecto

71 3675 134 3739 gusti
145 3673 253 3728 demum
267 3673 433 3746 temporibus
448 3692 510 3742 eos,
524 3677 571 3746 qni
615 3674 699 3728 Urbis.
710 3674 815 3740 dicitur,
829 3675 856 3726 id
870 3689 947 3727 acute
959 3675 1117 3728 Oudendor-

72 3746 130 3803 dolo
142 3753 227 3819 malo,
239 3767 266 3806 et
281 3754 326 3825 qui
338 3752 450 3804 aliorum
463 3752 570 3820 fraude,
613 3755 673 3822 pius
684 3753 749 3806 vidit
757 3755 871 3816 facturn,
884 3772 918 3805 ne
930 3766 1030 3805 tantam
1044 3765 1117 3823 pote·

71 3828 109 3879 vel
115 3849 198 3883 errore
208 3831 312 3884 inducti
323 3832 422 3882 crimen
431 3831 488 3882 falsi
498 3849 570 3882 eom·
615 3843 710 3884 etatem
719 3830 799 3884 semel
811 3833 1007 3903 inperpetuum
1018 3831 1055 3884 illi
1066 3847 1117 3885 tra·

72 3906 211 3975 misissent,
221 3907 364 3962 &minutos
374 3909 470 3970 luisse,
483 3927 513 3960 ex
522 3927 569 3960 no·
615 3909 703 3978 deret,
716 3911 787 3981 quod
798 3925 877 3962 cauto
886 3925 912 3963 et
924 3913 1116 3984 circumspecto

72 3997 122 4037 stro
141 3987 202 4040 loco
222 3991 274 4040 viri
286 3987 365 4040 docti
383 3988 569 4060 probaverunt.
614 3989 726 4061 Augusti
743 3992 849 4060 iugenio
866 3991 965 4060 optime
982 3993 1115 4044 convenit.

71 4063 567 4134 cr.fleinecc.Ant.uom.1v,18‚63.
614 4071 644 4121 ln
667 4071 809 4141 provinciis
831 4084 919 4122 autem
941 4069 976 4121 ob
997 4071 1115 4123 crebram

71 4144 569 4221 -Simulcogttoscentibusrjudicihtts
614 4151 811 4220 magistratuum
829 4151 1049 4220 permutationem
1068 4154 1116 4204 mi·

72 4224 113 4289 qui
126 4243 184 4277 cum
200 4229 261 4298 ipso
276 4226 310 4278 de
324 4246 352 4279 re
365 4228 568 4298 inquisiverunt,
615 4247 664 4281 nus
677 4242 733 4280 erat
744 4229 901 4301 periculum.
