3122 5134
15 4499 17 4562 i

481 549 601 615 NOVI
626 547 872 612 EDITORIS.
1170 571 1204 615 tx

148 690 368 801 peculiares
405 691 701 770 dissertationes
735 691 1045 798 subjunximus,
1093 693 1204 798 quod

148 838 244 911 item
270 815 485 912 Tiberium
512 835 645 911 conati
667 859 807 910 sumus
828 831 1115 910 adumbratum
1137 836 1207 911 sis-

147 997 249 1074 tere,
266 977 320 1054 de
337 976 521 1084 reliquie,
545 1003 629 1054 uno
643 972 818 1054 alterove
832 995 1018 1082 excepto,
1042 973 1206 1082 pervul-

147 1125 288 1224 gatum
301 1120 466 1196 Cornelii
481 1145 641 1195 versum
658 1116 769 1193 haud
780 1115 1015 1194 dubitanter
1029 1143 1208 1224 pronun·

148 1262 320 1344 tientes:

224 1459 270 1518 Le
290 1469 368 1516 reste
381 1476 422 1516 ne
438 1467 513 1515 vaut
529 1475 583 1538 pas
597 1452 764 1514 l'honneur
777 1451 868 1518 d’ttre
885 1456 1023 1514 nomme.

148 1661 270 1764 Quod
298 1681 433 1738 autem
456 1689 503 1738 ex
533 1659 642 1738 hisce
662 1659 907 1738 Excursibus
930 1658 1031 1738 duos
1052 1657 1209 1738 Gallico

149 1832 338 1884 sermone
366 1807 553 1911 scriptos,
578 1830 654 1881 nec
679 1807 815 1880 minus
842 1806 1070 1910 argumenti
1095 1806 1211 1881 novi-

151 1967 253 2046 tate,
290 1975 414 2051 quam
444 1949 639 2052 gravitate
668 1948 980 2043 sententiarum,
1003 1965 1043 2023 et
1070 1947 1209 2050 exqui-

151 2091 331 2167 sitissimi
358 2088 410 2166 de
443 2087 565 2165 rebus
598 2086 915 2193 hominibusque
938 2087 1083 2197 judicii
1113 2115 1211 2164 acu-

151 2235 261 2308 mine
287 2226 651 2326 commendabiles,
675 2257 777 2334 quos
801 2230 864 2305 vir
887 2228 1053 2335 quidam
1076 2225 1211 2306 litera-

154 2377 330 2453 tissimus
353 2373 567 2453 nobiscum
587 2375 919 2468 communicavit,
945 2374 1212 2472 inseruimus;

154 2519 227 2598 hoc
256 2519 549 2596 humanissimo
569 2513 710 2594 lectori
733 2518 1001 2620 gratissimum
1017 2515 1105 2594 fore
1121 2543 1212 2623 spe·

155 2687 312 2758 ramus,
338 2662 411 2765 qui
436 2655 554 2737 facile
580 2656 890 2754 animadvertet,
918 2685 991 2735 nos
1011 2654 1115 2733 nihil
1143 2676 1215 2733 aut

156 2802 276 2902 utile,
298 2823 369 2880 aut
386 2801 619 2912 jucundum
642 2803 960 2909 praetermisisse,
985 2821 1214 2905 nostraeque

157 2942 319 3041 Galliae,
336 2962 395 3022 tot
410 2943 673 3050 scriptoribus
693 2941 915 3040 ditissimae,
932 2939 1140 3020 clarissimi
1155 2944 1216 3020 in·.

157 3086 266 3188 genii
287 3084 411 3162 decus
427 3085 618 3163 accedere
634 3106 744 3172 certo
757 3084 1001 3163 laetabitur*

207 3227 414 3304 Excursus
430 3229 597 3336 insuper
613 3229 811 3325 Ernestii,
829 3256 930 3333 quos
951 3230 1215 3334 Baumgarte·
1280 3297 1286 3309 ,

160 3371 251 3448 nius
274 3368 408 3464 vircl.
430 3371 626 3451 indicasse
644 3393 858 3452 contentus
883 3371 1125 3478 neglexerat,
1143 3372 1214 3469 deq

160 3539 242 3592 nuo
264 3517 496 3596 curavimus
513 3515 806 3593 exscribendos.

194 3789 205 3808 ⁸
218 3789 249 3839 ln
261 3787 384 3838 Excursu
395 3785 430 3838 ad
441 3787 531 3840 Vitam
544 3789 574 3841 G.
587 3791 611 3840 J.
624 3789 733 3842 Caesaris
745 3788 864 3861 quadam
877 3790 915 3840 ita
928 3787 1085 3868 corrigenda
1099 3799 1180 3852 sunt:

160 3931 219 4002 Pag.
240 3931 308 3998 148,
324 3930 371 3986 lin.
387 3931 438 3999 30,
450 3950 514 4004 pro,
528 3935 582 3986 soit
598 3935 679 4008 qn'on
697 3953 732 3989 ne
747 3953 776 3988 te
793 3935 901 4008 plaigne
913 3955 961 4008 pas
977 3935 1112 4009 lorsqu’on
1123 3935 1216 4008 aspere

194 4019 338 4088 attendrir,
358 4018 407 4093 leq.
425 4023 478 4075 soit
493 4041 544 4095 que
559 4022 612 4077 l’on
628 4043 663 4077 ne
681 4044 709 4078 se
722 4025 831 4097 plaigne
848 4044 900 4098 que
917 4023 1053 4098 lorsqu'on
1068 4027 1162 4098 espere
1176 4038 1217 4078 at·

196 4109 306 4164 teudrir.
1164 4161 1166 4165 .

160 4215 221 4286 Pag.
238 4215 303 4284 150,
315 4215 361 4268 lin.
379 4235 409 4285 ι,
422 4237 489 4290 pro,
505 4233 533 4272 et
543 4218 578 4273 de
589 4220 616 4272 la
626 4221 713 4274 farine
723 4217 757 4272 de
769 4222 850 4293 seigle
861 4220 969 4294 delayee
983 4234 1009 4276 et
1022 4219 1151 4287 bouillie,
1166 4219 1217 4298 1093
1251 4231 1253 4236 '

194 4319 220 4358 et
233 4305 266 4360 de
278 4306 304 4359 la
317 4307 401 4361 farine
411 4307 446 4364 de
458 4309 539 4383 seigle
553 4310 660 4385 ddlaye'e
673 4331 706 4366 en
718 4309 839 4366 bouillie.
924 4323 927 4328 '
