3036 5124
368 598 434 677 410
742 593 778 656 C.
805 589 1039 657 SUETONH

365 735 399 788 et
409 741 510 788 muas
521 739 642 810 rupes,
658 739 699 785 ex
716 703 894 813 uultuque
910 738 1011 786 sexus
1026 715 1135 810 pube,
1152 719 1371 786 Pausoemm
1384 735 1416 785 et

364 827 601 926 Nympharum
614 825 752 896 habitat
768 823 950 923 palamque
961 826 1033 922 jam
1049 843 1084 895 et
1098 827 1199 920 vulgo
1216 831 1356 897 nomine
1371 832 1416 896 in

364 940 654 1025 solestanum,
667 938 876 1035 *Caprineum
887 938 1094 1009 dictitabant.

409 1057 526 1120 XLIV.
551 1049 681 1146 Majore
706 1047 819 1119 adhue
843 1067 878 1119 et
900 1054 1052 1148 turpiore
1076 1051 1215 1120 iufamia
1242 1049 1414 1144 flagravit,

363 1166 420 1232 vix
437 1179 477 1230 ut
494 1161 612 1230 referri
628 1160 797 1247 audirive,
817 1159 945 1230 nedum
961 1159 1053 1229 credi
1070 1161 1121 1229 fas
1140 1165 1204 1229 sit:
1222 1164 1324 1258 qrrasi
1341 1185 1415 1254 pue

363 1294 420 1340 roa
441 1274 561 1365 primm
580 1268 834 1355 teneritudinis,
856 1291 942 1367 quot
959 1271 1127 1366 piscimlos
1145 1266 1307 1356 rooabat,
1332 1275 1416 1339 insti

363 1399 490 1467 tuerat,
512 1399 552 1451 ut
571 1385 701 1450 natanti
721 1381 785 1450 sibi
804 1384 893 1451 iuter
910 1383 1037 1450 femina
1055 1397 1288 1466 versarentur,
1312 1405 1356 1450 ac
1374 1381 1417 1449 lu·

363 1491 500 1577 derant,
530 1493 647 1586 lingua
674 1514 860 1588 morsuque
889 1495 1015 1562 sensim
1044 1503 1284 1587 appetentes¹3
1316 1509 1417 1588 atque

363 1607 487 1688 edam,
514 1607 611 1700 quasi
633 1603 778 1672 infantes
803 1603 995 1687 firmiores,
1021 1603 1169 1673 necdum
1190 1618 1307 1671 tamen
1334 1600 1418 1671 laete

362 1715 540 1810 depulsos,
553 1717 699 1810 inguini,
710 1737 774 1786 eeu
791 1715 942 1810 papillas,
954 1713 1166 1798 admoveret;
1183 1717 1328 1807 pronior
1338 1734 1419 1781 sane

361 1825 453 1896 adid
467 1851 574 1920 genus
588 1825 735 1898 libidinis
749 1843 783 1896 et
793 1843 916 1895 natura
929 1843 963 1895 et
977 1842 1085 1896 astate.
1103 1830 1234 1912 Quare¹
1249 1823 1417 1892 Parrhasii

361 1949 500 2034 quoque
520 1937 693 2022 tabulam,
716 1941 751 2006 iu
777 1961 845 2034 qua
867 1936 1038 2030 Meleagro
1062 1936 1216 2005 Atalanta
1239 1959 1299 2004 ore
1322 1938 1418 2004 mori·

362 2066 510 2142 geratur,
529 2049 674 2144 legatam
694 2051 758 2119 sibi
779 2050 844 2120 aub
862 2051 1070 2134 conditione,
1090 2065 1145 2133 ut,
1166 2053 1194 2118 si
1214 2065 1417 2142 argumento

362 2157 608 2242 offenderetur,
636 2159 747 2230 decies
770 2185 834 2256 pro
856 2185 896 2228 ea
917 2165 1107 2232 sestertium
1131 2164 1320 2254 acciperet,
1349 2181 1417 2226 nou

361 2269 464 2340 modo
492 2269 659 2363 pretulit,
692 2269 753 2338 sed
780 2287 814 2339 et
840 2274 876 2340 in
903 2270 1060 2342 cubiculo
1086 2269 1265 2340 dedicavit.
1295 2277 1417 2338 Fertur

361 2382 464 2448 etiam
485 2381 521 2447 in
546 2379 765 2450 sauriiieaudo
793 2381 990 2478 quondam,
1015 2397 1134 2477 captus
1159 2381 1244 2449 facie
1271 2382 1415 2449 ministri

361 2510 513 2559 acerram
534 2492 763 2584 preferentis,
790 2496 949 2589 nequisse
973 2493 1161 2578 abstinere,
1188 2493 1294 2587 quin,
1320 2513 1415 2584 paeue

360 2602 501 2672 vixdum
517 2627 553 2671 re
571 2602 685 2673 divina
701 2622 853 2699 peracta,
870 2605 996 2675 ibidem
1013 2610 1125 2676 statim
1145 2602 1328 2676 seductum
1343 2627 1416 2672 ooa-

361 2728 548 2806 etupraret,
568 2715 738 2811 simulque
756 2715 894 2786 fratrem
913 2714 986 2810 ejus
1004 2717 1192 2800 tibicinem3
1212 2727 1319 2809 atque
1336 2716 1416 2781 uni·

362 2845 548 2916 quatuor,
574 2823 666 2921 quod
690 2841 810 2896 mutuo
835 2825 999 2921 flagitium
1023 2827 1289 2922 exprobrarant,
1317 2849 1415 2893 mura

361 2931 512 3021 fregisse.

407 3045 507 3110 XLV.
533 3047 749 3115 Feminarum
765 3071 920 3143 quoque,
940 3064 974 3116 et
986 3047 1124 3144 quidem
1138 3045 1345 3129 illustrium,
1363 3069 1415 3113 ea·

360 3151 486 3244 pitibus
498 3171 626 3247 quanto
639 3179 764 3250 opere,
783 3157 903 3227 solitus
923 3163 966 3228 eit
983 3158 1145 3242 illudere,
1165 3156 1415 3226 evidentissime

361 3345 429 3413 XIV,
443 3363 484 3417 17·
502 3349 553 3399 Pro
568 3349 715 3420 imperate,
731 3351 833 3406 scilicet
849 3371 865 3404 a
947 3371 970 3407 a.
992 3356 1077 3426 Quare
1089 3353 1262 3406 Parrhasii...
1278 3350 1414 3416 atatam,

360 3420 485 3492 Tiberio,
503 3424 538 3477 al.
557 3426 652 3480 vitiose
671 3427 807 3501 imparata
823 3429 865 3482 vel
909 3429 1414 3500 etc.Plin.ll.N.XXllV,rofflXVl,

360 3504 515 3577 impetratae.
910 3507 1009 3582 5),ubi
1016 3508 1049 3562 de
1058 3506 1197 3562 Parrhasio
1203 3509 1328 3580 exponit:
1340 3509 1414 3558 «Pin

397 3584 422 3651 4.
438 3585 604 3658 deprimerem.
617 3585 729 3653 Nescio,
742 3605 864 3660 aarpro-
908 3585 1166 3658 xitetdreltigallum
1176 3606 1183 3649 ;
1193 3587 1413 3657 quampiemram

359 3665 480 3720 baverint
501 3669 549 3720 viri
568 3667 642 3721 «loeti
663 3668 864 3724 emendationes
909 3665 1006 3720 amavit
1020 3665 1142 3718 'silverius
1155 3667 1300 3736 Princepe;
1318 3677 1415 3736 atque,

359 3746 461 3816 arrpuit
468 3763 527 3798 eum
532 3783 542 3815 ,
553 3747 593 3800 rel
603 3749 696 3818 ηιηᾷν
706 3767 773 3802 eum.
785 3750 812 3803 Si
819 3753 865 3803 Ca·
908 3762 939 3803 ut
957 3761 1052 3802 auctor
1065 3760 1105 3801 eat
1123 3747 1221 3799 Decius
1236 3743 1357 3812 ΕειιΙεο,
1369 3743 1413 3798 u

358 3825 482 3894 prineum
499 3839 569 3879 estet
582 3841 755 3900 corruptum,
772 3829 864 3884 insuite
908 3829 1034 3882 aettertiit
1048 3828 1204 3880 aestimatam
1222 3824 1412 3878 cubiculatas

359 3915 448 3955 tamea
459 3923 557 3958 nomen
567 3905 793 3961 substituendum.
908 3907 1024 3960 inclusit.
1036 3927 1047 3955 ι
1064 3905 1192 3959 Eamdem
1202 3906 1338 3978 picturam
1349 3902 1412 3956 Sua·

394 3985 485 4038 xm.
504 4002 526 4038 1.
543 3987 579 4039 Ut
590 3988 793 4042 arundelli...
805 4007 863 4043 sen-
907 3990 1011 4042 taniam
1030 3997 1057 4038 et
1075 3986 1189 4038 Plinium
1210 3984 1317 4049 dicare,
1337 3995 1413 4055 putat

360 4059 408 4114 sim
420 4073 577 4135 appetentes.
593 4067 775 4119 Domitianum
790 4067 862 4120 haud
907 4067 1037 4122 ilarduin.
1046 4065 1080 4120 ad
1090 4066 1165 4120 illum
1173 4066 1274 4118 laeum.
1282 4063 1411 4137 Equidem

361 4138 864 4216 absimiliroluptatiegenereinteruul·
907 4162 1046 4202 auctorem
1063 4161 1184 4202 nostrum
1206 4148 1234 4198 in
1255 4160 1410 4218 argumenta

358 4220 504 4293 gratissimae
521 4227 665 4280 mamers
683 4237 773 4281 natare
783 4228 863 4302 fama
908 4227 1005 4281 tabula·
1026 4226 1131 4279 facilins
1149 4243 1253 4278 errasse
1275 4225 1410 4288 manno,

355 4298 413 4371 fuit
423 4299 537 4370 (Domit.
551 4323 610 4376 cap.
626 4307 684 4376 aa).
910 4325 988 4380 quam
1000 4305 1132 4375 Plinium,
1144 4307 1191 4378 qui
1202 4323 1233 4358 ex
1243 4307 1366 4358 instituto
1377 4303 1409 4354 de
