3036 5124
369 575 436 657 illl
580 618 584 628 ·
742 575 782 636 C.
801 570 1042 638 'SUETONII

367 703 491 770 mentis
514 723 626 796 neque
648 695 813 791 supplicio
835 695 1040 793 cujusquam
1062 699 1229 790 pepercit3
1253 697 1319 765 soli
1341 697 1423 766 hnic

360 813 549 908 cognitioni
561 809 646 880 adeo
658 833 719 902 per
729 825 818 876 totos
830 805 902 880 dies
914 805 1048 876 deditus
1060 824 1094 875 et
1104 809 1271 892 intentus,
1287 809 1425 877 utlibo

367 921 520 994 diensem
533 921 719 1014 hospitem,
732 941 834 1013 quem
845 918 1064 986 familiaribus
1076 919 1180 988 literis
1194 925 1341 988 Romam
1356 944 1427 988 ero

366 1052 473 1120 cerat,
485 1031 662 1104 advenisse
675 1030 737 1100 sibi
751 1033 966 1114 nunciatum,
984 1034 1135 1126 torqueri
1148 1034 1222 1101 sine
1238 1057 1340 1100 mora
1353 1031 1427 1126 jus-

351 1151 461 1231 serit,
489 1149 604 1243 quusi²
630 1143 752 1239 aliquis
777 1167 818 1212 ex
843 1145 1038 1212 necessariis
1066 1147 1245 1238 questioni
1269 1144 1427 1229 edessen

366 1257 505 1339 deinde,
518 1279 632 1326 errore
646 1253 795 1337 detecto,
808 1270 842 1321 et
853 1252 976 1335 occidi,
991 1277 1035 1320 ne
1046 1251 1236 1346 divulgaret
1250 1251 1426 1346 injurium.

365 1369 575 1440 Guruificinoe
594 1367 667 1462 ejus
684 1365 874 1436 ostenditur
890 1363 985 1434 locus
1000 1367 1154 1460 Capreis,
1172 1364 1266 1436 unde
1283 1364 1426 1434 m

367 1503 436 1570 tos,
454 1501 533 1578 post
547 1482 649 1576 longa
663 1499 697 1548 et
710 1482 876 1576 exquisita
890 1495 1076 1563 tormento,
1093 1481 1298 1572 precipitari
1310 1505 1426 1548 comm

366 1601 455 1664 sein
473 1620 567 1666 mere
583 1593 743 1688 jubebat,
765 1593 952 1685 excipiente
973 1589 1223 1659 classiariorum
1243 1615 1374 1675 manu,
1395 1608 1427 1658 et

361 1712 473 1778 contis
484 1726 587 1804 utque
597 1710 702 1794 remis
710 1704 855 1774 elidente
868 1703 1046 1786 cadavere,
1061 1727 1106 1772 ne
1117 1705 1172 1771 cui
1186 1703 1315 1771 residui
1325 1707 1427 1797 spiri·

366 1839 421 1892 tus
440 1822 623 1915 quicquam
641 1821 777 1886 inesset.
791 1818 1045 1908 Excogitaverut
1062 1831 1176 1883 autem
1194 1818 1426 1908 interponere

366 1933 534 1998 cruciatus
545 1930 663 2010 etiam,
679 1943 719 1994 ut
735 1925 827 2018 largo
843 1928 927 1994 meri
940 1927 1077 2018 potione
1088 1949 1149 2020 per
1161 1924 1331 1994 fallaciam
1343 1949 1425 1994 one·

366 2057 474 2122 ratos,
492 2057 631 2134 repente
649 2042 788 2107 veretris
808 2036 975 2130 deligatis,
996 2035 1209 2106 fidicularum
1230 2036 1335 2106 simul
1357 2041 1426 2106 uri-

367 2177 488 2248 noequc
500 2167 667 2220 tormento
679 2148 895 2219 distenderet.
910 2149 1009 2235 Quod
1021 2152 1086 2217 nisi
1097 2174 1176 2218 eum
1188 2166 1222 2218 et
1231 2175 1328 2218 mors
1340 2175 1427 2244 prae·

368 2268 529 2347 venisset,
542 2278 576 2332 et
589 2260 809 2355 ³Thresyllus
825 2261 995 2346 consulto,
1008 2279 1048 2330 ut
1058 2264 1168 2346 aiunt,
1181 2260 1322 2330 differre
1335 2285 1428 2357 quae·

367 2377 447 2446 dam
459 2401 519 2470 spe
533 2374 694 2468 longioris
705 2376 782 2442 vitae
796 2373 1029 2468 compulisset3
1046 2373 1162 2466 plures
1173 2373 1355 2468 aliquanto
1369 2397 1427 2443 ne·

364 2505 520 2572 (taturus,
537 2512 578 2555 ac
591 2511 635 2555 ne
646 2485 784 2582 reliquis
797 2486 935 2581 quidem
945 2486 1125 2579 nepotibus
1138 2509 1305 2580 parsurus
1317 2485 1428 2554 credi-

366 2617 439 2683 tur3
462 2623 568 2694 quum
591 2615 624 2666 et
643 2601 761 2666 Gaium
782 2613 977 2691 suspectum
998 2597 1150 2680 haberet,
1173 2613 1207 2664 et
1226 2595 1424 2678 Tiberium,
1509 2673 1514 2686 Ι

367 2710 427 2778 utl
439 2735 482 2779 ex
493 2709 659 2779 adulterio
674 2727 892 2804 conceptum,
909 2727 1158 2803 aspernaretur.
1177 2713 1246 2777 Nec
1261 2708 1427 2777 abhorret

368 2943 455 2994 Druso
470 2961 531 2994 curn
545 2942 640 3013 Sejono
655 2961 710 2995 rem
722 2943 829 3010 hebuit,
844 2959 870 2996 et
915 2945 1066 2996 necessario
1087 2938 1231 3014 torquendi
1249 2954 1355 2994 essent.
1377 2941 1426 2996 Sed

368 3034 463 3074 contra
487 3024 574 3076 meriti
593 3023 673 3074 vitain
698 3023 868 3094 conspiravit.
916 3026 1043 3096 quonium
1055 3023 1111 3075 btee
1127 3023 1194 3074 ratio
1209 3020 1351 3074 duriorem
1369 3041 1427 3074 rer-

367 3098 650 3166 'racit.Annal.1v‚3=
665 3101 870 3170 ulpiturcunetu
915 3101 1009 3154 borum
1035 3113 1196 3154 structuram
1219 3100 1324 3166 infert,
1355 3101 1427 3152 malo

368 3179 479 3230 tentanti
497 3177 628 3250 (Sejuuo)
642 3180 871 3250 promptissimum
914 3181 1083 3232 necessatium
1095 3179 1207 3248 alicujus
1219 3197 1329 3230 reorum
1345 3180 1428 3231 intel·

367 3260 450 3310 visum
460 3296 468 3324 ‚
480 3257 515 3309 nd
524 3277 634 3312 uxorem
644 3262 700 3330 ejus
712 3258 820 3332 (Drusi)
828 3261 871 3311 Li·
915 3259 1006 3330 ligere,
1022 3278 1105 3331 quem.
1114 3277 1197 3332 quum
1212 3258 1340 3310 Tiberius
1359 3262 1429 3310 cita-

367 3339 435 3388 riem
444 3349 629 3390 convertere...
639 3340 731 3404 Hauc,
742 3352 771 3390 ut
781 3355 871 3391 umore
916 3351 972 3390 tum
983 3337 1017 3390 ed
1025 3339 1196 3408 questionem
1207 3339 1356 3389 testimonii
1365 3357 1430 3390 cau-

365 3418 507 3483 iucensus‚
529 3413 662 3467 adulterio
683 3415 807 3487 pellexit;
828 3431 871 3484 et,
917 3436 946 3472 sa
960 3418 1053 3472 edesse
1067 3420 1243 3484 existimaret,
1257 3419 1362 3488 subjici
1377 3433 1430 3472 sta·

366 3492 869 3567 pottquomprimillepitiipotitusert...
916 3499 963 3551 tim
976 3499 1115 3550 tormentis
1132 3499 1220 3570 jussit.
1241 3525 1278 3536 -
1298 3498 1429 3563 Deinde,

366 3575 401 3628 od
413 3575 531 3644 conjugii
545 3593 636 3645 spem,
651 3575 816 3627 consortium
828 3595 871 3628 re·
915 3595 1001 3630 errore
1010 3575 1124 3644 detecto,
1135 3589 1187 3630 etc.
1201 3575 1267 3627 Rem
1280 3575 1370 3647 paulo
1382 3578 1430 3630 ali·

364 3657 427 3725 poi,
439 3668 466 3707 et
476 3672 571 3706 necem
581 3654 669 3704 meriti
678 3653 870 3725 impulit-De
914 3658 1126 3710 tornamento
1142 3677 1148 3708 :
1168 3673 1222 3708 non
1242 3657 1314 3708 enim
1333 3676 1430 3710 amre

277 3741 282 3746 “
364 3736 422 3804 ejus
433 3734 541 3785 nomine
555 3731 632 3802 (nem
644 3731 718 3783 bivia
730 3733 826 3798 etiam,
840 3743 870 3784 ul
913 3736 1015 3788 factum
1027 3737 1080 3802 tit,
1094 3733 1251 3805 sedinjuste
1262 3753 1430 3790 accusatu

363 3816 472 3880 Tacito,
492 3827 518 3866 et
534 3811 609 3866 tutia
628 3812 794 3887 appellatur)
809 3813 869 3867 vide
913 3815 988 3868 illum
1003 3815 1093 3867 fuisse.

363 3892 487 3946 Oudend.
499 3891 533 3945 sd
542 3891 616 3945 buno
626 3891 715 3946 locum
726 3905 753 3945 et
763 3893 868 3946 Fabric.
948 3893 974 3947 3.
987 3895 1021 3946 Et
1032 3891 1212 3964 Thrasyllus...
1226 3903 1257 3944 ια
1265 3895 1364 3962 aiunt,
1375 3910 1429 3949 etc.

364 3972 397 4024 ad
412 3974 490 4024 Dion.
502 3973 583 4037 Lvtt,
600 3990 642 4025 υ.
913 3973 991 4024 Gonl.
1005 3973 1071 4038 Dio,
1086 3973 1239 4041 Lvfl1,27.

401 4070 425 4102 2.
446 4050 527 4122 Quasi
548 4049 645 4123 aliquis
666 4069 698 4102 ex
721 4053 868 4105 messanis
948 4053 973 4120 4.
997 4051 1032 4104 Ut
1047 4070 1079 4104 ex
1097 4051 1227 4106 adulterio
1245 4067 1430 4127 conceptum,-

363 4131 499 4202 quoestiom'
516 4131 620 4186 adunet.
639 4127 865 4203 Interprettntur:
912 4133 1002 4183 metris
1012 4131 1108 4186 Livttte
1118 4146 1145 4184 et
1153 4133 1249 4203 Sejeni.
1260 4133 1330 4186 Vide
1340 4153 1429 4209 supra

362 4227 394 4260 ex
413 4211 568 4261 necessariis
586 4208 621 4262 ed
637 4211 826 4280 questionem,
839 4209 867 4262 id
911 4209 979 4280 (not.
991 4211 1430 4286 tlDionis,LVll‚'2²‚etTaeiti

362 4302 416 4356 ιιι,
427 4307 458 4340 et
468 4291 513 4355 iis,
523 4291 569 4361 qui
579 4289 613 4342 ad
620 4307 711 4343 verum
721 4290 866 4344 eruendum
912 4291 972 4345 locu
982 4293 1072 4345 citato.
