3122 5134
266 567 313 612 xu
656 547 921 612 PRAEFATIO

265 689 374 768 lerus
384 690 746 768 Observationibns
758 719 879 798 supra
890 694 1119 768 memoratis
1130 694 1213 798 ipse
1223 690 1319 769 olim

265 835 517 942 adjunxerat.
532 835 637 913 Sunt
647 865 704 913 eae
717 839 928 913 maximam
941 858 1095 943 partem
1104 837 1321 934 historicae,

263 981 410 1085 partim
421 976 592 1056 aliorum
604 982 845 1086 scriptorum
857 977 980 1076 locos,
995 983 1142 1085 partim
1153 981 1319 1057 Gruteri

262 1125 542 1229 inscriptiones
563 1121 721 1228 aliaque
742 1141 1004 1201 monumenta
1023 1143 1316 1231 comparanteS,

262 1293 356 1370 quae
381 1265 587 1341 interdum
613 1263 715 1342 nihil
737 1266 963 1342 attinebant
984 1265 1034 1342 ad
1057 1265 1315 1362 Suetonium3

262 1437 396 1514 neque
412 1429 569 1508 tamen,
588 1440 681 1515 quae
698 1439 802 1488 nova
820 1430 859 1486 et
873 1407 1090 1515 singularia
1107 1411 1317 1488 Reinesins
1354 1490 1361 1500 ,

261 1550 435 1628 subinde
477 1552 762 1649 admonuerat,
803 1556 1137 1657 Baumgartenius
1169 1554 1232 1627 vir
1264 1549 1314 1630 cl.

260 1719 574 1772 commemorare
587 1693 773 1799 neglexit.
792 1697 898 1772 Ante
916 1693 1053 1773 oculos
1067 1722 1232 1800 quoque
1249 1693 1317 1770 ba-

258 1833 382 1911 bebat
404 1839 464 1914 Jo.
491 1835 692 1914 Fredcrici
716 1839 860 1918 Reitzii
888 1840 1044 1915 Dictata
1066 1841 1109 1914 in
1131 1837 1314 1914 Suetonii

237 1981 488 2085 ,Augustum
514 2001 554 2059 et
572 1983 806 2082 Tiberium,
836 1981 988 2062 calamo
1014 2002 1195 2090 excepta,
1222 2010 1314 2088 qnae

257 2123 363 2227 typis
382 2123 642 2200 exscribenda
654 2153 737 2203 non
754 2128 921 2233 putavit.
937 2126 1114 2202 Reitzius
1128 2127 1237 2202 enim
1253 2123 1315 2228 (ut

256 2259 321 2362 fit,
352 2265 517 2368 quando
541 2265 732 2344 docemus
754 2270 845 2346 viva
868 2269 982 2375 voce)
1003 2267 1123 2346 modo
1145 2269 1313 2372 antiqua

255 2407 531 2486 Romanorum
560 2412 744 2486 instituta
779 2409 900 2518 paulo
931 2409 1098 2488 uberius
1130 2412 1311 2517 exponit,

253 2551 373 2628 modo
404 2555 600 2631 curiosius
626 2554 845 2633 verborum
870 2583 987 2632 usum
1018 2575 1058 2632 et
1082 2555 1313 2661 grammati-

252 2719 338 2768 cam
361 2692 645 2801 etymologiam
669 2695 850 2800 indagat,
867 2694 1077 2800 multaque
1093 2695 1309 2790 immiscet,

251 2863 378 2940 quaea
395 2841 586 2944 magistro
601 2867 650 2916 ex
666 2838 855 2917 cathedra
872 2838 965 2915 addi
982 2837 1127 2936 solent,
1146 2837 1214 2916 sed
1230 2838 1313 2915 edi·

231 2980 350 3074 ¹tioni
369 3008 452 3057 non
468 2984 733 3058 conveniunt.
744 2984 950 3060 Caeterum
966 2981 1061 3058 inde
1071 2985 1191 3058 etiam
1204 2984 1309 3058 varia

250 3119 462 3230 desumpta
480 3145 591 3221 sunt,
610 3151 704 3230 quae
719 3135 804 3231 pr'ae
819 3127 973 3202 caeteris
989 3121 1103 3200 utilia
1116 3123 1311 3200 videban-

248 3282 334 3357 tur,
361 3293 408 3342 e0
431 3269 591 3373 majoris
612 3265 864 3362 aestimanda,
887 3267 998 3372 quod
1019 3269 1061 3342 in
1084 3293 1306 3371 paucorum

229 3419 231 3424 ’
248 3425 408 3510 tantum
421 3429 680 3514 conspectum
695 3430 904 3487 venerant.

301 3551 446 3654 Neque
456 3549 626 3627 tacenda
634 3548 827 3627 videntur
841 3546 917 3625 alia
932 3545 1089 3644 auxilia,
1104 3576 1197 3653 quae
1210 3575 1305 3626 con-

249 3690 342 3770 tulit
359 3696 422 3769 vir
438 3690 487 3771 cl.
505 3694 540 3769 J.
555 3695 598 3770 F.
615 3695 677 3770 DE
691 3711 744 3770 LA
756 3693 916 3789 HARPE,
932 3691 1119 3796 equibus
1135 3693 1306 3768 maxime

246 3864 471 3915 memorare
506 3835 628 3914 libet':
668 3849 702 3914 1⁰
727 3837 943 3915 editionem
969 3834 1304 3940 Lugdunensem,

144 4017 151 4026 ·
253 3980 367 4077 1648,
382 3981 424 4055 in
441 3978 537 4060 folio
551 3981 614 4088 (ut
625 3977 772 4086 aiunt),
783 4008 876 4057 cum
887 3975 1089 4075 Beroaldi‚
1104 3973 1303 4088 Sabellici,

246 4121 432 4227 Egnatii,
458 4107 612 4202 Erasmi
642 4120 1070 4200 animadversionibus.
1100 4131 1138 4197 2⁰
1161 4109 1304 4196 editio-
1376 4215 1379 4220 Ι

246 4292 340 4341 nem
350 4267 567 4348 Variorum
579 4267 701 4362 in-80,
715 4294 809 4345 cum
820 4264 1117 4344 commentariis
1127 4263 1302 4339 Torren-
