2982 5116
350 527 801 642 oertvjsueusros.
999 575 1092 664 ,267

63 716 229 793 pertaesus,
241 717 280 768 ut
288 700 413 785 scribit,
424 724 557 769 morum
566 704 818 794 perversitatem
829 698 902 795 ejus
912 727 920 770 ε
931 723 971 769 ac
983 706 1095 772 statim

64 813 197 878 Liviam⁷
217 810 397 878 Drusillam
414 814 627 880 matrimonio
647 812 773 879 Tiberii
793 813 946 895 Neronis,
968 826 1001 878 et
1020 817 1096 908 qui·

62 921 133 989 dem
142 939 383 1015 praegnantem,
402 919 556 1004 abduxit,
573 923 755 1020 dilexitque
774 939 808 990 et
824 921 978 1016 probavit
996 925 1094 991 unice

62 1057 97 1101 ae
108 1051 366 1126 perseveranter.

102 1148 217 1213 Lxl11.
242 1149 292 1212 Ex
306 1145 475 1213 Scribonia
488 1145 627 1228 duliam,
645 1170 686 1213 ex
700 1146 792 1212 Livia
808 1143 891 1212 nihil
908 1143 1093 1214 liberorum

60 1251 145 1336 tulit,
159 1278 265 1348 quum
277 1257 421 1322 maxime
435 1269 583 1346 cuperet.
597 1254 726 1337 Infans,
740 1256 798 1347 qui
810 1269 992 1345 oonceptus
1004 1271 1090 1336 erat,

60 1365 249 1432 immaturus
266 1383 316 1434 est
336 1364 454 1434 editus.
475 1365 615 1433 Juliam¹
631 1369 779 1458 primum
797 1364 974 1448 Marcello,
992 1368 1090 1434 Oea-

59 1473 116 1541 vioe
136 1478 258 1542 sororis
284 1499 354 1544 suae
377 1475 462 1559 filio,
481 1491 613 1543 tantum
631 1475 723 1572 quod
740 1477 917 1568 pueritiam
940 1497 1088 1566 egresso,

58 1581 186 1668 deinde,
201 1601 241 1653 ut
259 1588 287 1654 is
305 1581 401 1670 obiit,
422 1592 469 1654 M.
490 1590 645 1682 Agrippae
665 1603 809 1679 nuptum
828 1585 933 1669 dedit,
956 1601 1091 1653 exorata

59 1718 178 1788 sorore,
191 1712 229 1764 ut
241 1696 304 1793 sibi
316 1721 439 1789 genero
448 1698 599 1768 eederet:
614 1723 693 1766 nam
704 1716 785 1767 tune
796 1702 941 1791 Agrippa
949 1697 1089 1766 alterum

58 1807 285 1877 Marcellarum
298 1808 457 1893 hahebat,
472 1828 506 1878 et
519 1835 560 1880 ex
578 1836 617 1879 ea
634 1810 767 1879 liberos.
786 1815 857 1879 Hoc
875 1833 1009 1905 quoque
1029 1807 1086 1876 de·

57 2027 100 2088 eit,·
113 2046 165 2080 rem
180 2027 213 2080 sd
230 2047 295 2082 ann.
313 2030 364 2102 715
380 2031 461 2084 refert
478 2033 546 2101 Dio,

59 2104 162 2170 llLVlll,
175 2106 217 2174 34.

89 2201 111 2253 7.
130 2185 228 2238 liviam
235 2186 380 2258 Drusillam
386 2211 395 2250 ;
406 2207 467 2241 ann.
479 2191 544 2260 716,

58 2263 192 2333 seeundum
201 2267 281 2318 Dion.
292 2267 407 2332 XLVIll,
421 2267 454 2335 43
466 2281 491 2320 et
500 2268 542 2336 44.

58 2341 116 2395 Vide
127 2343 216 2398 Claud.
229 2365 238 2398 ι
251 2367 258 2408 ;
271 2347 338 2398 Vell.
351 2349 390 2411 ll,
400 2347 449 2416 94;
459 2346 544 2399 Tacit.

59 2420 144 2476 lnnal.
155 2429 186 2493 V,
201 2444 223 2478 1.
237 2427 413 2493 Sam-Rntn,
428 2429 545 2482 Conside-

58 2503 193 2556 rationetur
202 2504 289 2572 Livie,
300 2507 337 2557 sic
347 2504 425 2558 nobis
435 2524 493 2558 eam
503 2505 545 2558 de·

58 2580 146 2652 pingit:
161 2584 329 2651 :Liviepettit
339 2585 401 2637 d'un
413 2589 545 2638 oaraotere

61 2681 69 2730 ¹.
79 2659 143 2714 dour
149 2676 174 2715 et
181 2662 249 2735 poli;
256 2666 371 2736 joignait
381 2665 544 2736 abeaneoup

60 2739 176 2814 -d'esprit
195 2763 248 2798 nne
269 2748 461 2798 connaissance
479 2765 545 2817 pro·

593 2056 604 2080 ι
614 2032 774 2105 dengereuee
781 2035 980 2104 consequence,
987 2045 1013 2084 et
1020 2050 1089 2102 pour

592 2112 709 2164 «etrele
725 2113 860 2164 maltresse
878 2111 924 2163 des
942 2129 1087 2182 personnae

592 2215 603 2238 ι
614 2191 674 2263 qn'il
681 2191 807 2245 honorait
814 2191 881 2242 desa
888 2189 1087 2242 bienveillanoe.

592 2271 668 2322 -elte
681 2272 744 2323 etnit
754 2269 868 2340 superbe
882 2282 908 2321 et
918 2269 1087 2331 ambitiense;

592 2350 677 2400 «maie
691 2348 741 2401 elle
755 2350 838 2400 sarsit
849 2350 870 2400 ei
882 2348 944 2399 bien
956 2366 984 2399 se
996 2345 1088 2418 degni·

592 2448 664 2495 «ser,
676 2443 702 2482 et
713 2449 741 2482 sa
750 2428 945 2500 complaisanoe
957 2429 1088 2498 poutdu-

592 2523 689 2580 «gusta
707 2511 770 2560 etait
788 2509 810 2559 ei
828 2505 928 2578 grande
947 2519 972 2557 et
989 2507 1087 2578 parais-
1171 2575 1180 2582 .,

592 2613 603 2635 ι
613 2591 662 2642 suit
671 2591 692 2640 si
702 2588 844 2653 naturelle,
857 2605 908 2657 que
919 2587 943 2638 le
952 2587 1044 2656 prinae
1052 2601 1086 2636 ne

592 2689 603 2714 ι
613 2667 743 2738 s'aperput
753 2685 804 2738 que
813 2666 868 2716 fort
877 2663 935 2716 tard
945 2662 1007 2735 qu'il
1016 2683 1032 2735 y
1041 2666 1087 2715 etit

592 2769 603 2794 ι
614 2746 679 2800 dela
689 2746 817 2818 politique
828 2745 893 2797 dans
904 2761 952 2795 son
963 2759 1083 2794 amour.-

54 2819 153 2874 stende
166 2822 198 2876 de
213 2837 303 2876 tontes
318 2825 356 2877 les
373 2827 505 2893 scientes,
519 2839 546 2878 et
588 2828 621 2879 Et
640 2825 767 2896 subjicit:
791 2827 848 2877 «La
869 2821 1000 2876 servitude
1020 2821 1087 2874 dans

60 2916 125 2952 tune
134 2903 261 2976 politique
273 2905 326 2956 tine
336 2918 363 2957 et
373 2905 543 2974 recherchde,

59 2983 117 3050 «qui
128 2979 256 3038 lutfesait
274 2986 297 3038 si
312 3000 422 3039 souvent
441 2985 544 3039 donner

59 3057 543 3135 ·desconseilsjustesetheureuxdens

59 3133 229 3195 tl'exeontion.
240 3142 300 3195 Elle
311 3146 374 3197 &tait
383 3143 466 3211 belle,
477 3147 543 3198 maie

59 3213 148 3270 sd'une
172 3220 299 3275 eonduite
327 3223 543 3294 irreprochable;

59 3304 132 3346 ntons
145 3294 182 3350 les
200 3312 309 3352 auteurs
327 3319 355 3353 se
373 3313 434 3353 sont
448 3301 543 3355 re'eries

58 3369 211 3438 «ll-deesuu
232 3397 270 3432 on
289 3378 332 3432 n¹a
349 3382 442 3451 jamnis
461 3399 544 3453 soup-

58 3453 154 3516 «ςοιιηέ
166 3455 258 3525 qn'elle
273 3458 311 3509 ait
329 3475 363 3508 eu
380 3475 483 3510 aucune
496 3477 543 3528 ga·

58 3525 195 3587 deuterio:
216 3535 365 3605 d'ailleurs‚
386 3537 435 3590 elle
454 3556 483 3590 se
500 3541 542 3612 pi·

592 2903 726 2978 «laquelle
747 2904 818 2955 Liria
842 2904 925 2954 tenait
947 2901 1086 2972 Auguste,

590 2998 652 3038 aest
668 2989 800 3058 peut-&tre
814 2981 935 3034 l'endroit
953 2981 987 3034 de
1004 2980 1030 3033 la
1045 2983 1086 3034 vie

590 3063 644 3116 «de
660 3084 690 3116 oe
705 3065 797 3135 prinoe
811 3064 856 3136 qni
872 3081 939 3114 nous
956 3061 1087 3115 decouvre

591 3142 759 3212 ederantage
782 3158 823 3193 ees
845 3136 983 3192 faiblesses
1004 3153 1030 3190 et
1048 3138 1086 3190 les

591 3243 602 3268 ι
612 3221 734 3292 chagrine
745 3218 959 3272 inevitahlement
970 3215 1087 3268 attacbdt

591 3303 628 3352 «a
645 3300 671 3353 la
693 3299 827 3353 condition
851 3298 995 3364 homnine,
1019 3297 1086 3350 dans

590 3403 601 3428 ι
612 3380 725 3454 quelque
736 3379 802 3433 haut
815 3397 881 3450 rang
894 3377 986 3450 qn‘elle
997 3380 1087 3450 puisse

590 3463 697 3513 “ditm

622 3539 711 3591 LXlll.
733 3556 754 3590 r.
768 3537 869 3589 Juliom
883 3537 999 3608 primum
1011 3535 1086 3586 Μαι·-

59 3613 141 3680 ⁸quait
157 3633 209 3686 pen
227 3615 261 3668 de
276 3629 345 3669 cette
358 3629 434 3669 verto
453 3619 542 3672 severe
585 3619 666 3686 cello,
681 3632 730 3671 eto.
745 3619 823 3671 conf.
838 3613 971 3668 Plutarch.
986 3613 1084 3664 Anton.

58 3689 429 3775 '‘lffifflssdtmnelet'plaisirs
439 3695 485 3748 des
497 3715 541 3750 en·
586 3701 634 3770 87,
652 3701 697 3770 qni
713 3716 729 3750 a
745 3701 843 3752 Nostro
861 3697 887 3747 in
908 3695 960 3746 hoc
975 3712 1030 3744 uno
1046 3692 1086 3744 di·
1160 3746 1162 3755 ,

58 3771 196 3823 urente
205 3775 270 3825 etsit
282 3773 343 3826 bien
355 3775 467 3841 eise,au
479 3793 542 3827 eon·
586 3792 712 3850 screpat,
742 3775 815 3848 quod
841 3775 914 3826 illam
941 3774 1085 3842 conjugum
1180 3811 1182 3818 ·

58 3850 164 3917 maire,
186 3852 349 3926 qu’duguste
370 3857 475 3908 tronvtt
495 3854 541 3910 des
586 3857 807 3927 permutationem
831 3854 946 3907 Octavia
976 3848 1085 3904 oonsilio

57 3924 168 3995 cpleisirs
180 3931 329 4002 titt-angers,
344 3945 370 3986 et
382 3933 543 3986 contribuait
586 3936 684 3988 tribuit.
699 3931 853 3986 Marcellum
865 3932 896 3982 Δ.
906 3934 938 3983 U.
951 3930 999 3998 731
1014 3933 1086 3981 mol·

58 4002 214 4062 alle-meme
232 4015 248 4064 d
267 4012 293 4066 le
312 4013 407 4065 rendre
427 4013 540 4068 sensible
585 4027 660 4066 tuum
675 4027 766 4066 narrat
779 4013 847 4077 Dio,
860 4011 933 4076 Llll,
948 4009 1001 4076 30,
1015 4011 1085 4079 ejus·

56 4101 137 4154 ·ponr
151 4088 187 4143 les
205 4091 287 4145 belles
304 4111 468 4164 personans,
488 4095 540 4146 alin
586 4113 637 4165 qne
645 4093 765 4156 viduam,
775 4089 885 4156 duliam,
896 4089 983 4140 datam
994 4089 1087 4160 Agrip·

57 4162 104 4216 nde
116 4165 139 4218 le
152 4169 303 4240 detonrner,
317 4191 376 4226 sans
394 4173 490 4240 doute,
505 4173 539 4226 de
585 4193 623 4244 pa
643 4192 704 4226 ann.
724 4172 775 4242 733
792 4170 876 4242 (LlV,
892 4169 939 4242 6),
957 4167 1085 4222 suadente

57 4253 128 4298 ttont
140 4261 210 4302 anne
227 4269 374 4305 commeree
388 4251 466 4304 d'une
479 4253 539 4325 plue
585 4255 735 4304 Maecenate.
