2982 5116
371 575 533 640 octav,
559 575 820 664 incussus.
1055 577 1121 641 233

87 722 168 786 acta,
178 707 212 771 in
221 721 299 771 utro
312 701 438 770 vellent
448 700 565 769 ordine
577 717 762 769 manerent.
776 706 890 788 Quum
900 719 1013 769 autern
1024 703 1124 795 pleri-

87 843 147 912 que
158 819 329 911 Equitum‚
342 817 454 882 attrito
466 813 561 882 bellis
574 814 726 882 civilibus
738 817 958 907 patrimonio,
972 833 1122 908 spectare

86 925 176 994 ludos
188 950 205 992 e
219 924 473 1020 quatuordecim
490 949 558 992 non
577 923 758 1006 auderent,
774 941 887 991 metu²
904 949 1012 1016 poenae
1030 926 1124 994 thea-

86 1037 187 1118 tralis,
197 1039 445 1129 pronunciavit,
459 1061 525 1103 non
538 1039 643 1102 teneri
653 1060 709 1116 ea,
724 1034 868 1130 quibus³
883 1039 963 1128 ipsis
976 1041 1123 1128 parenti-

85 1147 183 1215 busve
198 1163 352 1240 equester
370 1171 492 1214 census
508 1171 684 1240 nunquam
702 1147 830 1213 fuisset.
848 1145 986 1238 Populi4
1009 1171 1124 1214 recen·

86 1281 155 1324 sum
163 1260 295 1324 vicatim
306 1259 372 1347 egit
384 1283 390 1322 :
406 1279 463 1338 ac,
476 1279 519 1322 ne
531 1254 627 1349 plebs
639 1256 936 1322 frumentationum
948 1281 1049 1324 causa
1058 1257 1123 1324 fre·

86 1371 236 1463 quentius
247 1391 268 1433 a
286 1368 426 1458 negotiis
438 1384 646 1449 avocaretur,
662 1384 710 1433 ter
728 1369 762 1432 in
776 1391 903 1464 annum
920 1375 1123 1460 quaternum

85 1484 245 1547 mensium
263 1497 407 1546 tesseras
425 1477 505 1546 dare
524 1477 718 1557 destinavit3
741 1477 799 1546 sed
821 1477 1023 1545 desideranti
1044 1504 1124 1546 con-

86 1587 291 1656 suetudinem
306 1605 453 1656 veterem
477 1591 640 1656 concessit
659 1613 793 1669 rursus,
813 1604 851 1654 ut
869 1585 1123 1682 sui⁵=cujnsqua

65 1693 67 1700 ’
85 1705 200 1768 mensis
217 1703 395 1794 acciperet.
412 1699 650 1768 Co'mitiorum6
666 1725 799 1795 quoque
813 1703 993 1792 pristinum
1001 1698 1057 1792 jus
1070 1724 1124 1766 re-

84 1808 190 1878 duxit:
205 1835 248 1878 ac
265 1810 443 1904 multiplici
455 1835 554 1904 poena
573 1814 717 1879 coercito
733 1811 877 1893 ambitu,
896 1810 1070 1878 Fabianis⁷
1090 1825 1124 1878 et.

85 2067 98 2100 e
114 2051 207 2103 Nostro
224 2070 351 2122 expresso
369 2053 437 2118 Dio,
450 2053 519 2114 LlV,
535 2053 576 2104 30.
623 2052 774 2104 rentibusve
795 2045 916 2125 equester
938 2067 1032 2102 census
1053 2067 1123 2101 narr-

118 2147 139 2180 2.
152 2133 225 2181 Metu
233 2149 318 2203 poenoe
332 2129 472 2184 theatralis.
483 2132 578 2202 Legem
622 2151 702 2204 quam
716 2133 817 2184 fuisset.

84 2207 179 2261 Juliam
207 2209 360 2264 theatralem
389 2225 579 2263 commemorat
659 2213 683 2280 4.
700 2211 799 2284 Populi
809 2223 1016 2276 recensum,etc‚
1026 2213 1060 2260 Ut
1071 2208 1124 2259 Cre·

84 2287 145 2339 Plio.
168 2291 231 2342 Hist.
253 2293 315 2343 Nat.
334 2291 460 2356 xxxta,
482 2308 514 2357 2,
532 2291 579 2343 ubi
624 2291 897 2360 snr‚c.41,ubivide.
908 2294 968 2343 Non
979 2287 1123 2359 magistrae

85 2365 155 2434 dicit,
167 2372 267 2421 nemini
277 2388 386 2422 aureum
396 2370 523 2421 annulum
535 2390 578 2441 ge·
623 2371 682 2423 loco
693 2391 772 2444 quam
785 2369 830 2421 iilo
843 2370 876 2421 de
888 2387 969 2420 censu
980 2370 1060 2420 totius
1072 2387 1123 2439 po-

84 2461 147 2501 stare
166 2449 290 2513 licuisse,
308 2451 380 2502 «nisi
399 2452 441 2502 cui
463 2453 577 2521 ingenuo
623 2451 801 2523 puliltonrani
812 2449 991 2521 cogitandum.

83 2529 145 2600 ipsi,
158 2534 226 2600 patri
241 2550 344 2602 avoque
358 2546 470 2603 paterno
482 2544 578 2583 sester·
659 2531 684 2584 5.
707 2532 754 2582 Sui
770 2532 890 2602 cnjusqae
903 2529 1004 2579 mentis.
1024 2525 1121 2595 injuria

84 2609 115 2660 tia
129 2601 211 2662 CCCC
226 2628 321 2662 census
333 2609 442 2676 fuisset,
460 2625 485 2662 et
501 2611 579 2681 (jus)
622 2609 740 2661 Bremius
750 2608 804 2659 hac
814 2606 892 2658 verba
902 2605 942 2657 vel
953 2623 1006 2656 non
1016 2605 1123 2668 Latina,

83 2685 219 2756 legetutia
236 2689 358 2741 theatrali
373 2691 400 2740 in
417 2689 579 2762 quatuorde·
622 2689 663 2742 vel
686 2689 822 2739 durissima
842 2685 962 2756 judicat,
989 2682 1123 2745 suadens,

85 2766 129 2816 cim
146 2767 287 2818 ordinibus
305 2766 444 2819 sedendi.»
465 2769 579 2820 Coerciti
622 2787 695 2820 suam
718 2769 839 2838 cujusque
859 2766 959 2816 mensis.
983 2761 1033 2816 Sed
1054 2759 1123 2812 male

83 2845 157 2915 igitur
178 2846 229 2899 bac
253 2847 313 2917 lege
336 2849 372 2912 ii,
394 2849 439 2917 qui
463 2848 579 2917 equestri
623 2851 810 2916 interpretatur
830 2842 966 2909 strigatum
990 2842 1026 2892 ita
1050 2861 1055 2889 :
1084 2841 1125 2892 sui

84 2941 160 2976 censu
175 2925 227 2995 (de
245 2943 299 2996 quo
316 2923 376 2976 vide
394 2924 427 2976 ad
443 2923 508 2976 Caes.
527 2926 579 2995 33)
623 2924 1125 2996 scil.framentitesserascajasquemerr·

83 2999 195 3054 destituti
207 3005 234 3054 in
247 3003 408 3075 spectaculis
419 3005 446 3054 in
457 3016 579 3075 quatuor·
622 3006 654 3058 sis
661 3028 670 3067 ‚·
683 3024 740 3075 quae
754 3022 817 3054 sane
831 3015 952 3053 contorta
969 3013 1037 3052 esset
1056 3017 1124 3049 con-

84 3079 579 3146 deeimordinesseintrusissent,ean1·
623 3087 742 3138 structio.
768 3087 850 3134 immo
871 3083 1001 3153 genitivus
1025 3077 1124 3149 pendet

83 3179 131 3232 que
145 3162 229 3234 legem
247 3166 276 3214 in
292 3175 378 3214 mente
394 3161 493 3214 babere
508 3161 579 3213 vide-

82 3252 122 3291 tur
134 3257 226 3294 auctor
242 3243 312 3293 infra
328 3261 352 3292 e.
369 3241 419 3309 44,
434 3240 479 3291 ubi
498 3260 580 3312 :spe-

83 3321 165 3372 ctandi
180 3323 395 3373 confusissimum
408 3339 439 3371 ac
451 3319 579 3372 solutissi-

82 3417 149 3451 mum
161 3419 262 3452 morem
280 3402 423 3451 correxisse
436 3413 462 3451 et
473 3400 580 3451 ordina·

82 3479 165 3528 visre·
179 3481 330 3550 Angustum
342 3477 415 3529 dicit.

113 3557 138 3610 3.
163 3559 263 3628 Quibus
270 3595 340 3609 .....
361 3568 476 3628 equester
494 3575 580 3608 census

82 3653 212 3708 nunquam
230 3637 333 3706 fnisset.
360 3637 457 3688 Omnes
482 3635 549 3686 Edd.
570 3673 578 3699 ,

83 3732 143 3784 quas
155 3715 223 3779 vidi,
239 3715 304 3766 dant
322 3733 438 3786 anquam
454 3718 510 3766 sine
525 3714 579 3765 utta

82 3795 324 3862 animadversione,
353 3809 444 3866 praeter
467 3797 579 3846 Bremia-

82 3889 156 3941 nem,
171 3895 230 3946 quae
243 3875 351 3927 exbibet
368 3893 518 3946 tranquaut,
537 3893 579 3925 ve·

80 3955 187 4008 tissime.
202 3955 310 4007 Scilicet
322 3973 367 4006 eos
379 3956 473 4006 cxernit
484 3973 578 4024 poeno,

82 4037 123 4102 qui
134 4055 187 4086 non
200 4036 359 4106 profusione
370 4051 415 4083 sua
427 4032 509 4082 aliave
520 4050 580 4082 cau·

81 4127 109 4162 sa
120 4111 261 4165 inhonesta
277 4113 465 4182 patrimonium
481 4113 580 4162 contri-

81 4190 188 4258 vissent,
202 4211 250 4244 eos
261 4190 343 4256 adeo,
356 4189 451 4260 quibus
465 4209 512 4259 per
522 4187 585 4240 bel-¹

82 4265 580 4338 laramciviliumcalamitatesipsispn·

623 3165 656 3216 ab
670 3167 767 3216 omisso
781 3174 881 3215 tesseras
895 3160 936 3213 vel
945 3160 1121 3231 frumentum.

623 3238 1123 3315 Suusquisqnemensisdiciturutsaum

623 3323 741 3392 quodque
762 3330 878 3390 tempas,
897 3333 977 3389 atque
1001 3331 1040 3368 est
1060 3317 1078 3366 i.
1097 3333 1121 3385 q.
1192 3381 1195 3390 Ι

624 3401 718 3469 singuli
731 3417 841 3450 menses.
856 3400 893 3448 lta
906 3397 974 3446 bene
985 3395 1043 3464 quis
1056 3393 1124 3443 dice·

623 3493 662 3530 ret
676 3502 682 3530 ι
696 3481 836 3550 pecuniam
847 3497 901 3527 non
912 3479 937 3527 in
947 3492 1061 3540 annum,
1076 3471 1123 3523 sed

624 3575 672 3610 sno
686 3574 793 3625 quoque
805 3573 894 3605 mense
907 3553 1017 3622 accipio.

658 3635 683 3685 6.
698 3635 864 3686 Comitiornm
875 3673 880 3684 .
891 3672 898 3684 .
908 3671 914 3683 .
925 3671 930 3681 .
937 3631 1123 3701 pristinumjus

624 3715 740 3774 rodanim
753 3713 779 3763 id
792 3727 846 3776 est,
859 3711 945 3782 qualis
957 3711 1122 3759 comitiorum

625 3796 726 3864 speeies
747 3793 795 3843 sub
817 3793 915 3842 Caesare
936 3791 1020 3867 fuerat
1040 3789 1121 3853 (Cres.

625 3871 960 3938 tr).cf.1)to,t111,21.

660 3967 686 4018 7.
704 3949 825 4000 Fabianis
836 3959 861 3998 et
874 3944 1069 4016 Scaptiensibus.
1082 3943 1123 3994 Ad

623 4030 756 4101 Scaptium
785 4027 882 4078 tribum
914 4023 1063 4096 pertinebat
1088 4022 1123 4074 ob

623 4121 728 4178 gentem
743 4107 897 4166 Octaviam
918 4101 951 4154 nd
968 4103 1073 4154 Fabiam
1088 4101 1123 4152 ob

623 4187 734 4250 Julinm,
752 4188 779 4236 in
794 4203 872 4256 quam
890 4203 938 4254 per
953 4181 1124 4254 adoptionem

625 4278 739 4316 verterat.
1024 4289 1027 4297 ·
