3036 5124
367 545 433 626 442
740 543 777 606 c.
803 541 1038 608 sacroru

366 669 480 738 coluit.
498 673 538 738 ln
557 669 709 736 oratioue
725 670 843 736 latim
859 683 995 738 secutus
1013 683 1066 735 est
1082 669 1291 734 Corvinum¹
1306 671 1427 735 Messa·

365 779 450 862 lam,
464 801 568 875 quem
585 795 702 846 senem
717 776 918 847 adolescens
928 777 1177 846 observaverat.
1193 774 1281 846 sed³
1298 775 1428 845 afferte

365 893 457 960 tione
469 905 503 958 et
514 891 711 958 morositate
723 891 827 958 nimia
838 888 1043 958 obscurabat
1052 888 1186 956 stilum:
1202 904 1245 956 ut
1255 887 1429 983 aliquanto

368 1025 410 1070 ex
423 1016 597 1094 tempore,
615 1023 719 1095 quam
736 1024 757 1066 a
772 1023 872 1084 cura,
889 1002 1103 1093 prestantior
1117 998 1321 1066 haberetur.
1337 1002 1431 1066 Gom-

366 1113 481 1206 posuit
502 1127 536 1180 et
551 1135 690 1180 carmen
707 1111 868 1205 lyrimrm,
886 1109 984 1204 cujus
1003 1127 1055 1181 est
1072 1110 1206 1195 titulus,
1228 1112 1431 1204 Conquestio

366 1223 404 1290 de
415 1223 452 1288 L.
465 1223 597 1291 Cesar-is
611 1235 718 1290 m'orte.
733 1225 826 1292 Fecit
836 1241 870 1292 et
879 1225 997 1292 Graeca
1008 1239 1182 1316 poemata,
1195 1224 1358 1290 imitatus
1371 1225 1430 1289 Eu-

366 1331 566 1428 phorionem
575 1332 610 1416 l,
625 1333 676 1401 et⁵
694 1334 880 1418 Rhianum,
893 1331 945 1402 et⁶
959 1332 1198 1402 Parthenium:
1211 1332 1347 1426 quibus
1359 1357 1431 1424 poe

365 1445 407 1514 tis
417 1442 603 1512 admodum
612 1441 817 1528 delectatus,
827 1446 952 1536 scripta
965 1467 1083 1512 eorum
1096 1459 1129 1513 et
1140 1445 1314 1535 imagines
1327 1441 1438 1535 publi.

366 1555 413 1622 cis
425 1553 637 1622 bibliothecis
649 1557 754 1622 inter⁷
767 1570 898 1622 veteres
913 1571 948 1622 et
961 1556 1150 1648 praecipuos
1162 1570 1331 1622 auctores
1345 1551 1432 1620 dedi

366 1669 475 1734 cavit:
499 1681 533 1732 et
553 1664 597 1733 ob
618 1663 684 1732 boc
703 1664 859 1760 plerique
878 1664 1088 1734 eruditorum
1108 1667 1268 1734 certatim
1288 1662 1335 1730 ad
1356 1689 1431 1732 eum

366 1776 473 1846 multa
489 1777 532 1845 de
549 1775 602 1844 his
621 1775 812 1846 ediderunt.
831 1780 979 1846 Maxime
996 1793 1109 1844 tamen
1127 1779 1263 1844 curavit
1276 1779 1432 1844 notitiam

366 1888 515 1958 historiae
526 1888 704 1970 fabularis,
717 1913 826 1983 usque
838 1888 882 1957 ad
893 1890 1035 1982 ineptias
1045 1903 1149 1983 atque
1160 1887 1334 1956 derisum.
1349 1894 1431 1956 Nam

366 2016 400 2068 et
412 2003 665 2091 grammaticos,
678 1997 771 2095 quod
784 2023 890 2093 genus
902 1999 1080 2068 hominum
1092 2002 1286 2094 praecipue,
1302 2017 1348 2068 ut
1358 2001 1431 2068 diri

364 2133 461 2193 mus,
480 2109 681 2203 appetebat,
701 2108 868 2204 ejusmodi
884 2110 954 2178 fere
972 2110 1218 2206 quaestionibus
1233 2112 1431 2204 experieba-

365 2239 437 2290 tur:
455 2253 469 2282 α
481 2226 565 2307 Quae
577 2239 687 2290 mater
699 2220 866 2292 Hecubae:
879 2221 978 2310 Quod
990 2221 1112 2292 Achilli
1123 2245 1253 2292 nomen
1265 2227 1363 2294 inter
1373 2229 1431 2293 rir-

364 2337 459 2426 gines
474 2333 614 2402 fuisset:
630 2331 719 2420 Quid
737 2336 871 2408 Sirenes,
885 2350 1021 2402 cantare
1041 2337 1109 2402 sint
1127 2333 1257 2402 solitae?
1269 2367 1285 2396 ι
1305 2341 1353 2403 Et
1366 2361 1430 2432 quo

364 2447 513 2537 primum
530 2442 605 2528 die,
626 2461 704 2536 post
726 2468 904 2512 excessum
925 2449 1084 2537 Augusti,
1107 2447 1246 2513 Curiam
1269 2450 1427 2529 intratit3

363 2555 460 2648 quasi
470 2555 585 2646 pietati
596 2552 746 2622 simulac
756 2553 910 2648 religioni
920 2556 1168 2640 satisfacturus,
1182 2559 1313 2626 Minois
1324 2583 1430 2627 exem

364 2757 423 2792 uere
432 2739 623 2811 precellense,
632 2736 680 2794 ubi
691 2739 804 2812 intelligi
813 2759 870 2796 uon
915 2745 1018 2815 tragico
1030 2744 1109 2796 aierit
1119 2743 1239 2809 otmaro,
1256 2758 1291 2795 ut
1303 2743 1429 2798 diciture

363 2831 467 2889 potest,
483 2821 534 2871 uisi
549 2821 640 2872 Graeca
659 2821 796 2874 etherius
815 2821 870 2874 elo·
916 2825 1000 2876 Cicer.
1017 2823 1050 2876 de
1068 2825 1128 2877 niv.
1146 2825 1184 2890 ll,
1202 2823 1257 2892 64,
1277 2823 1345 2878 vide
1360 2826 1428 2896 apel

363 2901 655 2973 quentia,etquoniam
666 2901 870 2955 auctorhocca·
915 2903 1113 2958 Gasaubouum.
1130 2903 1209 2955 Cous.
1227 2905 1340 2956 Ernest.
1358 2905 1427 2958 Clar.

362 2981 581 3052 pitedecratioue
590 2982 699 3049 uuna,
709 2983 829 3054 sequenti
838 2984 870 3036 de
914 2982 969 3034 Cic.
981 2997 1008 3035 et
1022 2983 1130 3037 Salmas.
1143 2980 1178 3034 ad
1189 2981 1275 3036 Solin.
1289 3002 1356 3055 pag.
1368 2985 1427 3038 tior.

362 3077 479 3114 sermone
492 3063 581 3113 Groeeo
593 3063 710 3131 exponit.
914 3062 1144 3114 Commemoratur
1153 3079 1216 3112 cum
1225 3060 1337 3113 Atium
1350 3081 1366 3114 a
1379 3064 1428 3114 Ue

399 3157 423 3190 a.
446 3141 583 3192 Corvinum
599 3139 755 3200 Messalam
768 3139 802 3192 de
815 3157 868 3212 quo
913 3139 1004 3212 leagro
1015 3139 1140 3212 (Anthol.
1151 3140 1261 3192 Jacobs.
1274 3143 1300 3206 l,
1316 3141 1357 3212 r).

362 3217 422 3270 vide
432 3218 580 3290 Glandorp.
595 3237 657 3290 pag.
668 3219 721 3273 86⁵
734 3221 868 3292 sequent
949 3221 975 3274 5.
984 3220 1428 3288 Etllliauum50reteusem,coe

362 3295 395 3349 de
412 3299 468 3365 ejus
490 3297 634 3349 consulatu
655 3317 670 3350 a
692 3299 770 3350 nobis
790 3312 869 3351 uota·
914 3319 974 3352 vum
983 3299 1427 3372 Euphorionis,eujuslrugmeute

362 3389 418 3428 tum
430 3376 463 3428 ad
473 3375 585 3446 August.
593 3394 617 3428 c.
627 3377 670 3430 58.
681 3377 762 3445 Quod
772 3377 806 3429 ad
816 3377 869 3432 elo·
914 3392 1018 3433 exstant
1030 3377 1102 3451 apud
1116 3376 1259 3430 Stobeum.

363 3458 498 3528 quantiam
506 3459 563 3525 ejus
575 3459 683 3518 attinet,
693 3457 745 3508 vid.
755 3457 866 3525 Quintil.
948 3459 975 3512 6.
987 3459 1025 3510 Et
1034 3457 1226 3519 Parthenium
1240 3457 1426 3520 utonem,

361 3535 400 3600 X,
414 3535 497 3603 1,ubi
511 3559 522 3582 a
534 3533 868 3604 nitidus,etcaudidus,et
914 3551 1049 3592 auctorem
1067 3539 1197 3611 Augustei
1215 3539 1280 3604 evi,
1299 3541 1380 3609 enjus
1394 3539 1426 3590 li-

362 3613 564 3685 quodammodo
579 3633 632 3686 pre
645 3633 673 3668 se
686 3617 774 3668 ferens
788 3617 816 3666 iu
829 3614 868 3667 di·
912 3621 987 3673 bruru
1002 3619 1054 3690 mpl
1069 3619 1181 3688 ipeerse's'r
1194 3619 1359 3684 πιθιμιίτη
1374 3641 1425 3674 ser·

361 3692 448 3746 sendo
461 3692 626 3745 nobilitatem
639 3712 734 3747 suam·
747 3694 852 3747 dicitur.
911 3713 1001 3753 vatum
1008 3698 1426 3770 habemus.1)eutroque‚lihia-

398 3775 423 3828 3.
442 3775 493 3827 Sed
504 3773 690 3845 affectatione,
703 3789 754 3828 etc.
768 3777 867 3847 Supra,
913 3800 949 3832 no
964 3794 991 3832 et
1005 3778 1164 3846 Parthenio,
1180 3778 1294 3831 consule
1307 3780 1425 3833 Fabricii

360 3853 474 3926 August.
487 3852 536 3919 86,
554 3873 626 3906 suec
641 3854 747 3906 Tiberio
765 3856 867 3926 parcit,
913 3859 1038 3912 biblioth.
1054 3860 1181 3913 Graecam.

362 3945 387 3983 et
397 3931 526 3986 exsoletae
536 3931 671 3986 interdum
680 3947 706 3986 et
715 3932 868 3986 reconditas
949 3955 974 4008 7.
993 3939 1068 3992 luter
1079 3951 1211 3990 veturs...
1225 3949 1357 3999 auctorem
1371 3937 1424 3991 hoe

361 4029 440 4064 vocet
453 4013 628 4082 aucupanti.»
913 4033 1034 4086 est,eos,
1047 4020 1163 4091 quiante
1173 4017 1359 4070 Alexandrum
1370 4020 1425 4070 us

398 4090 423 4157 4.
437 4093 560 4144 Imitatus
568 4093 776 4164 Euphorionem.
786 4091 867 4146 Chal·
912 4117 993 4171 gnum
1001 4098 1042 4150 vel
1054 4098 1207 4150 Ptolemaeos
1218 4099 1326 4150 fuerunt
1334 4135 1344 4163 ,
1353 4101 1422 4152 sieut

362 4167 476 4221 eidemin
492 4169 557 4236 luit,
571 4173 687 4244 vixitque
702 4171 868 4244 temporibus
914 4191 1006 4234 „eures
1017 4179 1143 4231 Romanis
1155 4177 1206 4229 sub
1218 4177 1367 4230 Cesaribus
1378 4197 1422 4230 vo·

362 4247 496 4301 Ptolemei
514 4249 653 4321 Euergete.
672 4248 750 4303 Plura
765 4248 799 4304 de
816 4249 868 4304 hoc
914 4272 1008 4312 cantur
1020 4260 1054 4325 ii,
1069 4260 1115 4330 qui
1127 4259 1362 4328 antedugastam.
