3036 5124
397 547 461 640 gs
803 546 1034 612 nuunsru
1130 593 1135 602 .

394 675 532 740 dicuntur,
546 671 592 726 sed
607 674 746 728 Senatores
761 685 788 724 et
800 671 913 742 judiees.
926 673 1014 725 Tiber.
1031 690 1055 724 e.
1071 671 1113 725 51.
1127 669 1247 723 Alterum
1258 687 1436 742 argumetum

392 751 455 806 hinc
468 753 531 804 duci
544 765 648 823 potest,
668 749 740 824 quod
754 751 896 804 Suetonius
912 751 956 804 hie
971 771 1015 804 eas
1031 764 1132 802 tautum
1144 765 1234 822 partes
1252 753 1360 823 imperii
1374 771 1436 806 exer·

393 833 471 886 cendi
488 851 696 884 commemorare
716 829 815 896 voluit,
834 850 892 903 quar
914 833 1025 884 maxime
1046 835 1198 884 necessarie
1216 846 1327 899 essent,
1344 836 1436 885 onmi-

394 933 461 986 que,
482 916 532 966 nisi
554 912 587 966 ab
608 916 667 986 ipso
689 915 866 985 Imperatore,
886 931 940 964 nou
959 926 1079 984 possent.
1092 914 1175 983 Atqui
1195 912 1247 965 tale
1266 927 1309 966 est
1323 912 1437 983 judicum

392 991 602 1066 supplendorum
614 994 751 1065 negotium
763 995 904 1064 :Equitum
919 994 1066 1064 recognitio
1078 994 1186 1064 privatis
1202 991 1329 1044 mandari
1345 996 1437 1064 potnit,

392 1087 423 1126 nt
440 1073 560 1127 vidimus.
577 1076 646 1125 Tum
665 1091 722 1145 que
741 1075 808 1126 ratio
826 1087 910 1136 esset,
931 1074 953 1124 si
970 1071 1004 1124 de
1021 1075 1142 1126 censorio
1157 1074 1203 1126 illo
1222 1091 1338 1126 munere
1358 1073 1439 1128 dicere

391 1154 534 1220 voluisset,
549 1173 631 1226 quare
643 1173 697 1206 non
709 1156 798 1226 potius
812 1153 845 1206 de
857 1153 954 1207 Senatu
970 1153 1003 1206 ab
1020 1157 1079 1226 ipso
1098 1174 1152 1206 non
1168 1155 1238 1207 lecto
1257 1169 1285 1207 et
1305 1155 1439 1226 suppleto,

392 1247 439 1287 aut
451 1233 542 1286 saltem
549 1234 583 1287 de
594 1253 626 1286 eo
640 1252 748 1305 quoqne
763 1232 877 1286 diceret?
889 1235 926 1285 Ite
939 1233 1055 1286 arbitror
1066 1237 1130 1286 satis
1143 1235 1262 1307 liquere,
1278 1233 1315 1286 tle
1326 1235 1440 1305 judicu

392 1310 506 1365 decuriis
525 1311 569 1364 hic
584 1330 733 1364 sermonem
748 1331 821 1373 esse,
841 1330 894 1364 non
907 1313 1039 1384 Equitum.
1053 1311 1262 1385 Oudendorpiua
1279 1327 1375 1366 temen
1387 1315 1440 1366 rttl·

392 1391 449 1462 gari
466 1392 586 1462 opinioni
598 1389 731 1456 adhaeret,
747 1389 922 1461 intelligitque
942 1393 1049 1462 Equites
1064 1392 1089 1442 in
1103 1412 1180 1444 usum
1195 1395 1234 1444 rei
1248 1392 1381 1445 militetis.
1395 1393 1441 1446 set

392 1473 451 1543 quis
463 1468 515 1522 hoc
528 1470 649 1536 docebit,
662 1473 838 1542 Imperatores
852 1471 1015 1543 supplevisse
1027 1474 1149 1544 Equites,
1166 1477 1211 1545 qui
1221 1491 1236 1524 e
1246 1475 1329 1524 sociis
1341 1476 1441 1526 menti

392 1550 474 1618 Quod
487 1567 568 1621 porro
583 1549 662 1616 dicit,
678 1569 732 1604 non
746 1551 817 1603 solos
829 1550 937 1622 Equites
943 1549 1094 1620 judicasse,
1113 1552 1191 1604 idest
1208 1570 1304 1603 verum
1319 1573 1327 1604 ε
1347 1552 1395 1605 sed
1407 1565 1441 1604 ta·

390 1649 453 1682 rnen
467 1649 529 1681 usus
541 1628 671 1700 loquendi
686 1630 761 1695 tulit,
776 1645 805 1682 ut
819 1631 958 1700 Equitibus
972 1631 1125 1704 simpliciter
1139 1633 1327 1684 tribuerentur
1336 1633 1438 1702 judicia.

392 1711 434 1764 Sic
444 1709 514 1762 idem
522 1712 639 1776 Tacitus,
649 1711 716 1762 hon.
726 1713 766 1776 Il,
786 1713 835 1764 352
854 1711 889 1763 Ut
901 1713 1004 1764 ahsente
1013 1713 1131 1784 principe
1143 1713 1285 1765 Senatores
1301 1723 1328 1763 et
1342 1714 1441 1786 Ean'ae

389 1801 493 1862 possent
506 1809 551 1842 sno
565 1790 657 1844 munia
673 1792 803 1844 sustinere.
817 1791 892 1842 Adde
903 1790 967 1842 Plin.
984 1795 1049 1844 Hist.
1066 1794 1127 1844 Not.
1140 1793 1270 1858 XXXIII,
1293 1811 1319 1844 π.
1334 1795 1397 1846 Ean.
1414 1797 1438 1846 Ia

392 1869 511 1921 camdem
533 1873 688 1923 seutentiam
706 1875 836 1923 concessit
855 1871 1037 1924 IlnhnltcnIus.
1059 1872 1110 1924 Sed
1129 1875 1223 1924 nititur
1238 1871 1358 1942 vulgaris
1379 1875 1439 1926 ratio

390 1952 550 2016 argumentis
562 1952 670 2003 minime
680 1951 880 2003 contemnendis
892 1974 897 2003 :
911 1953 1038 2023 primum,
1050 1951 1123 2024 quod
1135 1953 1281 2004 Suetonius
1292 1955 1351 2006 nliis
1363 1955 1439 2005 omni·

291 2030 301 2052 s
390 2027 440 2080 bus
456 2028 536 2095 locis,
551 2030 596 2080 ubi
610 2031 644 2083 de
652 2031 788 2100 judicibus
804 2029 936 2102 loquitur,
945 2032 1068 2104 judicum
1083 2033 1199 2084 άιωνίις
1214 2030 1298 2096 dicit,
1314 2050 1438 2103 nusquam

389 2109 516 2180 Equitum
526 2131 536 2170 ,-
547 2109 660 2176 deinde,
673 2108 746 2182 quod
758 2107 803 2160 illo
816 2124 871 2161 toto
879 2113 966 2181 capite
978 2113 1030 2181 egit
1041 2110 1113 2162 dere
1129 2109 1253 2177 militari,
1265 2115 1345 2182 cujus
1357 2131 1438 2163 etnam

390 2189 476 2239 minus
486 2189 594 2258 Impune
607 2208 685 2261 quam
695 2189 841 2260 judiciarie
855 2189 968 2260 abjicere
982 2190 1041 2242 talis
1054 2192 1179 2260 princeps
1196 2193 1287 2260 potuit
1306 2213 1313 2242 :
1333 2189 1438 2261 deuiqoe

389 2266 503 2336 nippleri
522 2287 569 2319 cur
589 2286 643 2320 non
663 2269 766 2322 dicatur
783 2288 844 2340 pere
867 2272 1012 2336 exercitus,
1034 2289 1115 2340 quum
1139 2283 1167 2322 et
1187 2269 1308 2343 legiones
1326 2268 1437 2323 dicaam

387 2345 522 2418 suppleri?
532 2348 624 2401 Wour.
1226 2381 1229 2386 ·

688 2641 1008 2741 EXCURSUS
1037 2643 1126 2740 XV

621 2849 995 2964 sus1unu1un,
1023 2829 1107 2948 cn.
1138 2871 1203 2963 ss.

387 3315 517 3403 (luntres
527 3350 766 3426 peregrinationum
778 3353 1035 3428 expeditionumque,
1050 3368 1099 3408 etc.
1116 3357 1229 3411 Comites
1241 3361 1436 3434 magistrumn

384 3431 588 3502 provincialium
606 3433 758 3504 quondam,
775 3435 863 3488 libere
875 3434 1026 3508 reipublice
1037 3435 1222 3508 temporibus,
1237 3437 1383 3512 dupliciter
1397 3437 1437 3490 di-

387 3522 443 3559 ctoa
454 3513 557 3582 reperio
570 3513 642 3586 apud
652 3515 816 3568 Ciceronem.
830 3515 915 3580 Nam,
929 3515 1058 3568 interdum
1071 3535 1102 3568 eo
1115 3517 1224 3570 nomine
1238 3519 1350 3590 Intelligi
1361 3516 1436 3570 video

385 3593 444 3654 eos,
456 3594 501 3662 qui
512 3591 650 3646 cohortem
660 3597 809 3666 pretoriani
822 3599 998 3665 constituant,
1008 3597 1164 3668 prefectos,
1178 3596 1317 3664 medicos,
1327 3597 1436 3664 scribas,

387 3687 530 3737 accensos,
544 3671 715 3746 haruspices,
730 3697 881 3760 preseques,
895 3692 924 3730 ut
937 3697 1028 3731 omnes
1044 3682 1139 3732 sciunt.
1155 3677 1205 3731 Sed
1222 3678 1257 3731 ab
1273 3679 1329 3732 hoc
1342 3696 1436 3751 genere

385 3752 495 3802 comites
507 3751 535 3803 hi
546 3754 682 3808 Tiberiani
697 3758 824 3828 originem
838 3757 935 3811 ducere
949 3778 1003 3811 nou
1019 3772 1174 3832 potuerunt.
1189 3758 1286 3832 Neque
1304 3759 1366 3811 hinc
1380 3770 1437 3810 orta

383 3825 443 3895 illa,
454 3849 511 3902 qnae
521 3833 654 3888 interdum
665 3835 755 3890 cohors
768 3838 872 3894 Caesaris
883 3837 996 3904 dicitur,
1009 3857 1033 3892 v.
1044 3858 1069 3892 o.
1085 3839 1157 3912 opud
1168 3841 1233 3891 Tac.
1246 3840 1318 3892 Ano.
1331 3839 1379 3904 vt,
1397 3854 1435 3889 ro.

384 3909 453 3960 Naln
475 3910 542 3964 illud
556 3933 639 3984 genus
652 3915 743 3969 datum
758 3917 866 3988 publice
883 3933 909 3972 et
925 3915 1035 3972 ductum
1054 3921 1203 3973 necessario
1223 3919 1373 3991 habuitque
1386 3937 1436 3990 pu-

383 3987 454 4043 blico
476 3995 651 4048 coustitutum
673 3997 817 4068 salarium,
838 4019 925 4072 neque
945 4001 973 4052 in
997 4003 1159 4067 amicorum,
1180 4000 1228 4054 sed
1254 4004 1435 4052 ministrorum

384 4087 496 4124 numero
511 4073 571 4128 fuit.
587 4075 638 4130 Sed
654 4079 780 4131 comitum
798 4083 906 4132 nomine
923 4083 1017 4147 etiam,
1036 4078 1187 4154 etquidem
1205 4082 1289 4152 magis
1308 4082 1433 4152 proprie,

384 4145 510 4206 <licuntur
528 4157 622 4225 amici,
644 4160 807 4232 propinqui,
829 4159 998 4236 philosophi,
1020 4160 1203 4236 grammatici,
1228 4163 1274 4234 qni
1295 4178 1358 4212 oum
1378 4177 1433 4211 ma·

381 4229 492 4298 gistratu
510 4234 538 4287 in
558 4239 724 4308 provinciam
744 4239 969 4316 proficiscuntur,
987 4256 1017 4297 ut
1037 4259 1098 4298 cum
1116 4261 1149 4297 eo
1167 4239 1306 4310 habitent,
1328 4251 1432 4295 emnem
