3036 5128
351 519 395 581 80
721 517 757 579 C.
784 513 1018 580 SUETONll

349 635 1395 734 Quotempore,utM.⁶Brutusrefert,Octaviusetiamquidam,

351 748 541 818 valetudine
553 751 675 817 mentis
684 747 822 818 liberius
833 749 946 832 dicax,
957 765 1126 818 conventu
1134 753 1282 816 maximo
1291 773 1395 844 quum

350 864 545 952 Pompeium
564 882 679 950 regem
697 849 916 952 appellasset,
933 863 1046 952 ipsum
1062 862 1213 951 reginam
1230 857 1395 926 salutavit.

351 969 415 1040 Sed
425 975 462 1037 C.
476 971 674 1036 ⁷Memmius
688 971 804 1051 etiam,
819 969 864 1036 ad
878 969 1038 1064 cyathum
1049 986 1084 1037 et
1093 973 1210 1038 vinum
1222 967 1393 1038 Nicomedi

351 1083 481 1149 stetisse
488 1077 611 1172 objecit
618 1131 627 1162 ,
635 1103 712 1148 cum
719 1080 858 1175 reliquis
866 1080 1020 1163 exoletis,
1031 1079 1153 1174 ⁸pleno
1162 1083 1333 1163 convivio,
1343 1103 1396 1146 ac·

351 1189 551 1260 cubantibus
562 1190 735 1258 nonnullis
750 1192 874 1258 urbicis
890 1191 1171 1282 negotiatoribus,
1187 1214 1335 1287 quorum
1345 1213 1397 1256 re-

355 1303 421 1370 fert
430 1304 576 1369 nomina.
588 1305 704 1370 Cicero
713 1327 793 1370 vero
804 1327 873 1370 non
882 1319 1060 1372 contentus
1071 1306 1107 1370 in
1117 1301 1321 1398 quibusdam
1332 1305 1398 1396 epi-

356 1411 450 1480 stolis
459 1416 650 1506 scripsisse,
667 1439 688 1480 a
700 1413 899 1483 satellitibus
913 1439 992 1482 eum
1006 1417 1041 1482 in
1057 1413 1252 1482 cubiculum
1270 1415 1398 1505 regium

353 1521 546 1605 eductum9,
556 1527 590 1590 in
601 1547 704 1592 aureo
714 1523 919 1608 lecto,veste
929 1549 1100 1618 purpurea
1109 1523 1327 1606 decubuisse,
1336 1522 1398 1590 flo-

353 1659 493 1730 remque
510 1638 617 1703 aetatis
632 1661 653 1701 a
666 1640 797 1704 Venere
814 1641 877 1705 orti
893 1641 928 1706 in
943 1638 1099 1732 Bithynia
1115 1640 1398 1705 contaminatum:

354 1745 528 1841 quondam
540 1748 639 1813 etiam
654 1749 689 1812 in
704 1750 827 1816 Senatu
841 1746 1034 1816 defendenti
1051 1759 1075 1786 ¹⁰
1084 1755 1183 1843 Nysae
1195 1772 1352 1831 causam,
1366 1748 1401 1814 fi-

354 1857 407 1924 liae
423 1853 630 1938 Nicomedis,
653 1857 882 1954 beneficiaque
898 1862 986 1952 regis
1003 1862 1090 1926 inse
1107 1862 1401 1940 commemoranti‚

359 1971 546 2049 «Remove,
567 1969 692 2063 inquit,
712 1971 820 2051 istaec,
842 1993 902 2036 oro
917 1987 966 2052 te,
987 1968 1124 2063 quando
1143 1985 1262 2034 notum
1283 1985 1350 2051 est,
1368 1985 1404 2034 et

353 2075 436 2173 quid
457 2076 513 2144 ille
529 2077 605 2160 tibi,
623 2095 656 2146 et
674 2078 756 2174 quid
771 2079 820 2148 illi
836 2097 907 2148 tute
923 2079 1093 2148 dederis.»
1112 2079 1239 2148 Gallico
1255 2077 1402 2172 denique

355 2188 525 2282 triumpho
539 2189 659 2258 milites
673 2189 745 2284 ejus
759 2194 875 2258 inter¹¹
893 2207 1004 2258 cetera
1020 2193 1185 2270 carmina,
1202 2188 1315 2283 qualia
1331 2211 1404 2255 cur-

390 2393 415 2444 6.
435 2393 475 2444 M.
490 2393 602 2455 Butam
622 2395 678 2446 sine
696 2393 778 2448 dubio
794 2414 857 2465 per·
900 2393 1021 2446 conclavi
1041 2412 1108 2459 suo,
1124 2391 1249 2464 hospitali
1268 2391 1405 2444 cubiculo.

355 2489 447 2523 cussor
461 2473 584 2538 Caeearis,
599 2470 646 2524 sed
660 2473 688 2524 in
705 2493 757 2544 quo
775 2473 856 2541 libro,
900 2472 1021 2524 Torrent.
1035 2485 1062 2525 et
1072 2471 1154 2523 Graev.
1167 2471 1311 2542 prefer-unt
1325 2471 1406 2522 dedu·
1517 2508 1518 2517 ,

356 2551 454 2601 neseio.
475 2551 568 2602 Varios
592 2563 680 2602 tamen
703 2552 856 2621 scripsisse,
900 2562 979 2604 aum.
995 2551 1069 2602 -A
1085 2550 1183 2606 Venere
1197 2551 1256 2603 orti.
1275 2550 1352 2602 Conf.
1370 2549 1407 2600 ad

356 2642 449 2681 unctor
462 2629 554 2682 Cicero
569 2629 691 2701 pluribus
702 2629 785 2682 locis:
796 2630 857 2682 vldc
901 2648 959 2702 cap.
973 2631 1006 2695 6,
1018 2630 1052 2684 de
1063 2629 1114 2682 bae
1126 2631 1234 2683 Caesaris
1247 2633 1357 2702 origine.

356 2705 427 2759 clav.
440 2708 494 2760 Cic.
504 2711 585 2760 —De
600 2709 706 2761 Octavio
716 2709 781 2760 nihil
793 2728 858 2761 con·
940 2727 980 2762 to.
991 2711 1077 2780 Nysae.
1085 2711 1186 2762 Meffei.
1194 2711 1406 2782 Antiqu.Aquit.

357 2795 422 2848 stet,
439 2803 526 2856 neque
543 2788 624 2838 refert
641 2806 754 2857 querere
766 2787 799 2840 de
808 2787 858 2840 ho·
902 2806 961 2858 cap.
976 2805 999 2854 1,
1010 2806 1127 2854 enumo,
1138 2790 1180 2840 eui
1192 2791 1351 2859 inscriptum
1360 2808 1409 2840 no·

356 2862 427 2910 mine
437 2861 560 2914 obscuro.
572 2894 605 2904 —
619 2865 775 2918 Valetudine
784 2885 858 2919 men·
902 2886 963 2920 men
971 2863 1064 2922 Modus
1075 2868 1225 2934 βασιλίσσης,
1234 2869 1351 2940 probare
1360 2888 1410 2921 vo-

357 2937 402 2999 tis,·
411 2941 488 3007 enjus
497 2958 551 2991 non
561 2939 630 2992 bene
640 2961 702 2994 sana
711 2963 783 2996 mens
793 2957 856 2996 erat.
901 2945 964 3011 luit,
977 2947 1145 2999 scribendum
1155 2951 1247 3000 Musoe.
1258 2948 1408 3000 Politianns

393 3031 418 3083 7.
440 3017 465 3066 C.
479 3019 633 3078 Memmius;
647 3021 692 3090 qui
703 3021 858 3074 PraetorCte-
902 3023 976 3076 dedit
991 3025 1134 3078 leetionem
1152 3026 1242 3097 Mysoe.
1261 3025 1329 3078 Vide
1349 3045 1409 3096 quae

357 3111 441 3144 sorem
449 3093 620 3147 Consularem
630 3097 781 3165 postulavit.
791 3098 858 3151 Vide
902 3103 981 3175 plura
994 3103 1028 3156 de
1039 3103 1092 3158 boe
1103 3108 1210 3158 nomine
1223 3105 1344 3177 disputat
1355 3105 1411 3158 Ou-

357 3190 381 3222 e.
391 3172 440 3248 ί23.
454 3173 544 3226 -Ad
556 3173 734 3244 cyathum...
749 3179 841 3230 stetisse
848 3201 858 3242 ,·
903 3179 1034 3252 dendorp.
1053 3184 1189 3251 Ceterum,
1208 3187 1357 3238 orationem
1378 3185 1409 3238 C.

357 3249 392 3302 ad
410 3250 483 3320 quod
498 3254 671 3306 ministerium
689 3258 765 3326 pueri
782 3256 858 3310 adhi-
903 3261 1025 3328 Caesaris,
1040 3281 1120 3333 quarn
1134 3281 1184 3334 pro
1196 3265 1316 3338 Bithynis
1329 3265 1410 3332 dixit,

357 3325 597 3383 bebanturnobiles
605 3333 676 3403 iique
684 3334 801 3388 formosi.
808 3337 859 3388 llo-
904 3343 1168 3396 commemoratGell.
1176 3347 1208 3409 V,
1219 3345 1264 3410 13,
1275 3345 1410 3398 eamdem·

357 3419 407 3458 r⁴¹¹1·
418 3404 505 3456 ΟΜ·
516 3408 542 3476 l,
554 3426 599 3478 29,
612 3427 626 3478 7
636 3432 641 3460 =
904 3439 971 3492 que,
981 3420 1015 3472 de
1026 3440 1078 3493 qun
1088 3423 1244 3490 Suetonius,
1255 3424 1324 3492 dici,
1333 3437 1410 3497 patet

423 3502 690 3560 Puerquinexrulnerpillis
904 3519 935 3551 ex
956 3515 1131 3572 argumento,
1151 3505 1227 3572 cujus
1247 3507 1409 3576 principium

436 3563 467 3607 td
474 3565 570 3622 cyathum
577 3575 677 3608 statuetur
683 3569 762 3610 unuin
903 3579 1001 3632 Genius
1016 3580 1097 3633 dedit·

348 3647 405 3699 ¹ubi
419 3645 478 3698 vide
492 3646 681 3700 Mitscherlich.
697 3649 781 3702 Plaut.
798 3650 857 3703 Me·
941 3660 1154 3713 rr.1ntercetera
1161 3663 1408 3728 conniumetcdiv.

358 3724 469 3778 nechm.
490 3726 532 3791 ll,
555 3743 588 3792 a,
610 3727 765 3798 cyathissare
784 3729 857 3782 dicit·
905 3737 1029 3807 XXXIX,
1042 3755 1073 3809 7:
1090 3741 1281 3811 «carminaque
1293 3759 1309 3792 a
1321 3741 1408 3793 militi·

358 3804 445 3856 Verba
458 3817 484 3858 et
496 3807 586 3858 vinum
599 3804 676 3866 mihi,
691 3821 720 3858 ut
734 3807 858 3862 Oudend.
904 3812 955 3868 bue
975 3835 1006 3868 ea
1024 3818 1052 3868 in
1070 3819 1259 3889 Imperatorem
1276 3819 1365 3886 dicta,
1378 3830 1409 3870 ut

360 3895 386 3933 et
392 3883 493 3951 Wolt,
504 3904 519 3937 e
530 3884 614 3958 glossa
621 3887 723 3938 venisse
729 3886 859 3940 videntur.
904 3892 982 3946 facile
995 3910 1150 3968 appareret,
1165 3900 1192 3948 in
1208 3897 1303 3950 ducem
1318 3895 1408 3950 indul-

396 3961 421 4012 8.
440 3962 533 4017 Pleno.
542 3964 627 4020 lntell.
635 3964 861 4031 denumeratu-
905 3987 1010 4043 gentem
1030 3975 1254 4049 ambitiosumque
1268 3997 1301 4030 ea
1320 3976 1405 4030 dici·

362 4041 470 4107 quentia
489 4047 670 4099 convivorum.
688 4075 723 4087 -
744 4045 860 4114 urticis,
905 4051 972 4104 Vell.
991 4055 1028 4121 11,
1045 4053 1094 4126 67:
1116 4058 1205 4109 uinter
1217 4059 1296 4128 jocos
1311 4059 1409 4110 milita-

362 4115 495 4170 Romanu.
906 4149 997 4184 ren...
1017 4135 1183 4206 usurpabant
1199 4133 1271 4190 hune
1284 4153 1411 4202 verram,

295 4233 298 4238 .
396 4211 422 4264 9.
442 4197 588 4264 Eductam
607 4225 622 4256 e
643 4206 772 4270 triclinio,
790 4204 861 4258 vele
906 4223 978 4264 etc·
995 4211 1108 4266 Martial.
1123 4218 1147 4281 l,
1163 4214 1194 4266 52
