3122 5134
335 515 356 562 x
723 495 987 562 PRAEFATIO

389 637 545 714 indices
563 615 848 745 suppeditabat
863 635 1062 734 Wolfius3
1079 639 1308 714 Histoi-icum
1329 631 1398 709 al·
1465 657 1469 664 ·

334 799 484 878 terum;
510 779 681 858 alterum
708 785 929 858 Latinitatis
953 784 1106 857 Selectoe
1126 811 1138 856 .·
1162 781 1396 884 recepimus

333 941 554 1030 utrumque
573 922 764 1020 fidenter,
783 923 1126 1001 accommodatum
1151 944 1281 999 tamen
1300 920 1394 998 edi-

334 1067 435 1142 tioni
456 1087 623 1164 nostrae,
643 1094 737 1172 quae
759 1062 1103 1171 complementum
1132 1062 1227 1139 inde
1252 1059 1392 1166 legiti-

334 1237 529 1314 mumque
549 1205 673 1284 finem
693 1210 875 1314 accipiat.

386 1351 574 1456 Denique
587 1351 792 1428 Caesarum
806 1351 1018 1454 imagines,
1041 1377 1088 1425 ex
1110 1349 1391 1425 vetustissimis

331 1521 378 1572 ac
389 1493 675 1602 probatissimis
690 1497 867 1570 nummis
880 1492 1123 1599 depromas,
1137 1493 1390 1598 imperatoris

330 1637 529 1744 cujusque
545 1637 637 1712 vitae
651 1633 907 1740 praefiximus,

387 1779 433 1852 lu
450 1777 526 1854 boc
545 1797 678 1854 autem
699 1798 783 1855 toto
797 1805 918 1884 opere
934 1775 1236 1871 concinnando,
1260 1795 1304 1850 ut
1321 1803 1390 1849 su-

331 1921 467 2026 perius
481 1920 664 2018 diximus,
678 1923 721 1997 in
736 1920 940 2029 prioribus
955 1919 1290 2025 acquiescendum
1307 1916 1388 1993 fuit

332 2059 590 2158 editionibus,
602 2062 1116 2168 quasquidemcomparare
1126 2055 1385 2153 uobislicuit,

332 2207 458 2310 inque
477 2207 542 2302 iis,
561 2235 653 2311 quae
665 2209 855 2314 separatis
870 2208 1026 2312 scriptis
1043 2207 1118 2282 viri
1135 2204 1240 2280 docti
1251 2201 1386 2278 edide-
1472 2231 1479 2242 ·

331 2367 439 2424 runt.
467 2349 599 2450 Quam
626 2349 679 2426 ob
707 2380 790 2426 rem
820 2379 842 2426 a
867 2349 988 2456 longo
1008 2349 1103 2425 inde
1129 2370 1310 2453 tempore
1333 2342 1384 2420 ad

331 2519 488 2589 omnes,
503 2497 574 2597 qui
593 2493 777 2588 Suetonii
789 2491 965 2598 aliquam
979 2511 1131 2599 partem
1150 2505 1382 2580 tractarent,

330 2630 485 2711 libellos
499 2631 615 2711 valde
627 2633 889 2731 attendimus,
907 2655 947 2711 et
962 2657 1231 2739 quascumque
1240 2626 1384 2736 judieii

330 2773 392 2853 vel
422 2779 613 2874 novitate,
636 2776 698 2854 vel
717 2780 884 2854 veritate
917 2773 1109 2854 notabilia
1127 2773 1382 2863 viderentur,

331 2919 653 2994 convertimusin
663 2949 746 2996 rem
757 2913 1303 2997 nostram.Necmediocriter
1313 2937 1385 2988 uos

326 3059 524 3167 juverunt
537 3058 845 3137 Observationes
855 3058 1028 3156 Mulieri,
1042 3055 1196 3136 Scholae
1208 3053 1386 3133 Gizensis

330 3199 529 3296 Rectoris‚
565 3202 608 3276 in
638 3200 848 3308 publicum
877 3208 1029 3281 emissae
1057 3230 1165 3279 anno
1200 3200 1315 3296 1804,
1345 3218 1386 3276 et

330 3338 551 3438 Walthori‚
573 3343 696 3452 Lycei
717 3345 998 3450 Torgaviensis
1018 3343 1271 3436 subrectoris,
1292 3369 1385 3445 quae

329 3511 438 3562 anno
473 3485 571 3564 1813
599 3486 849 3593 prodierunt.
870 3490 1013 3593 Neque
1035 3484 1199 3563 tacenda
1230 3503 1288 3560 est
1316 3511 1383 3580 ea,

330 3653 452 3732 quam
482 3653 617 3704 secum
644 3632 979 3708 communicatam
1010 3659 1033 3705 a
1060 3623 1232 3703 Mullero
1266 3645 1384 3702 testa·

331 3785 400 3844 tur
425 3767 486 3843 vir
514 3763 563 3844 cl.
590 3767 948 3874 Baumgartenius,
979 3769 1103 3847 editio
1132 3766 1386 3845 Plautiniana

331 3909 428 4010 anui
450 3907 565 4013 1596,
579 3937 601 3986 a
617 3911 735 3988 Petro
750 3911 949 3990 Scriverio
962 3929 1190 4019 procurata,
1203 3908 1251 3985 ad
1268 3910 1386 4014 cujus

332 4048 555 4164 marginem
569 4053 631 4128 vir
643 4050 786 4130 doctus
798 4057 1031 4131 varietatem
1044 4055 1199 4131 notavit
1214 4050 1385 4144 codicis,

332 4189 382 4268 de
396 4217 479 4296 quo
494 4193 577 4300 ipse
591 4195 708 4272 initio
721 4193 813 4273 libri
830 4197 883 4273 ita
900 4195 1074 4301 scripsit:
