3036 5128
348 524 388 588 32
716 525 751 587 C.
778 523 1010 589 SUETONll

346 664 475 731 rentur,
497 647 672 742 propalam
696 652 838 716 monuit.
861 653 978 716 Cetera
1002 651 1096 728 item,
1118 670 1194 742 quae
1212 649 1336 740 cuique
1355 645 1394 712 li-

345 760 515 843 buissent,
534 758 708 851 dilargitus
729 778 796 843 est,
817 759 1067 828 contradicente
1086 757 1197 840 nullo,
1217 781 1274 839 ac,
1295 759 1321 823 si
1340 781 1393 824 co-

346 888 484 940 naretur
505 872 601 966 quis,
623 868 811 936 absterrito.
835 875 882 937 M.
908 868 1104 936 ¹4Catonem
1122 865 1393 958 interpellantem

346 981 476 1048 extrahi
493 981 593 1046 Curia
610 1003 672 1070 per
690 978 860 1062 lictorem,
878 977 1024 1073 ducique
1044 979 1078 1043 in
1096 999 1264 1043 carcerem
1279 973 1389 1067 jussit.

346 1095 383 1157 L.
407 1090 603 1172 Lucullo¹⁵,
625 1089 762 1156 liberius
784 1091 970 1171 resistenti,
992 1104 1125 1156 tantmn
1145 1085 1394 1153 calumniarum

347 1221 475 1270 metum
486 1199 663 1295 injecit,ut
671 1201 714 1270 ad
724 1226 835 1294 genua
845 1201 934 1270 ultro
945 1201 1007 1270 sibi
1015 1199 1191 1268 accideret.
1200 1195 1393 1266 Cicerone¹⁵

347 1320 381 1382 in
396 1313 519 1408 judicio
534 1312 683 1410 quodam
696 1312 894 1406 deplorante
908 1333 1102 1406 temporum
1116 1329 1255 1395 statum,
1271 1315 1307 1377 P.
1321 1309 1394 1378 Clo

347 1425 457 1507 dium,
472 1426 644 1492 inimicum
656 1422 745 1517 ejus,
759 1425 883 1493 frustra
892 1422 963 1516 jam
975 1423 1107 1516 pridem
1118 1447 1139 1489 a
1151 1421 1336 1490 Patribus¹⁷
1348 1419 1393 1486 ad

347 1533 481 1628 plebem
505 1537 645 1602 transire
669 1537 850 1616 nitentem,
874 1532 993 1601 eodem
1014 1531 1086 1615 die,
1110 1531 1262 1627 horaque
1282 1555 1392 1613 nona,

347 1645 544 1714 transduxit.
569 1651 741 1712 Postremo
759 1649 794 1714 in
816 1647 991 1714 universos
1010 1644 1151 1714 diversas
1172 1644 1326 1712 factionis
1347 1645 1395 1709 in·

348 1755 444 1822 duxit
454 1753 478 1844 ¹¹⁸
498 1756 647 1821 Vettium
670 1759 838 1846 praemiis,
863 1771 902 1823 ut
921 1779 957 1822 se
978 1754 1020 1822 de
1042 1752 1215 1822 inferenda
1235 1755 1394 1845 Pompeio

346 2002 452 2072 posuit,
466 2000 697 2070 quomodo'Graeci
711 2001 744 2052 oa*
760 1999 847 2066 temti,
892 2003 1003 2055 fortasse
1017 2014 1089 2054 sexta
1103 2000 1156 2052 diei
1169 1997 1276 2070 questus
1294 2017 1351 2051 sum
1366 2001 1394 2049 in

348 2077 395 2129 ubi
406 2075 546 2147 legendum
562 2091 647 2129 esset:
663 2080 749 2130 Cetera
761 2079 828 2130 idem
837 2118 846 2145 ,
888 2081 1004 2150 judicio,
1019 2097 1101 2150 quum
1117 2080 1146 2130 C.
1159 2081 1319 2144 Antonium,
1336 2077 1394 2130 col-

348 2173 399 2208 non
415 2158 497 2208 item:
517 2155 558 2206 vel
576 2155 691 2228 denique
711 2159 799 2228 potius
814 2156 848 2208 ad
892 2159 977 2232 legam
996 2179 1098 2226 meum,
1117 2157 1303 2224 defenderem,
1322 2177 1395 2229 quae-

347 2235 456 2288 verbum
473 2234 663 2307 intelligamus,
682 2237 742 2290 data
759 2235 847 2309 publi·
893 2238 1001 2291 demde
1017 2237 1179 2310 Republica,
1195 2257 1252 2310 quae
1263 2237 1327 2288 milti
1341 2240 1394 2289 risa

348 2319 422 2368 canis
436 2333 516 2387 quam
535 2315 660 2387 petebant
679 2318 847 2380 remissione,
892 2331 954 2369 sunt
971 2316 1005 2368 ud
1020 2315 1091 2369 illius
1107 2317 1197 2368 miseri
1212 2333 1318 2367 causam
1334 2335 1395 2386 per-

347 2396 381 2448 de
392 2397 479 2448 ceteris
490 2398 568 2447 etiam
584 2387 718 2465 quibusvis
735 2397 763 2447 in
778 2398 848 2447 cives
892 2399 985 2447 tinere.
1005 2397 1066 2448 Haec
1084 2395 1204 2448 homines
1222 2393 1340 2466 improbi
1361 2394 1395 2447 ad

347 2494 420 2547 aeque
438 2475 544 2526 facilem
562 2493 589 2526 se
607 2473 735 2526 (lusorem
752 2475 849 2545 prusti·
894 2474 1025 2547 quosdam
1037 2478 1106 2527 viros
1118 2476 1202 2526 fortes
1214 2475 1359 2545 (Cmsarem
1370 2489 1395 2527 et

348 2555 418 2606 tisse.
434 2555 473 2605 De
484 2572 512 2604 re
528 2553 582 2605 Cic.
601 2553 633 2604 ad
649 2555 728 2604 Attio.
745 2556 782 2620 ll,
801 2555 846 2605 18:
892 2554 1061 2626 Pompeium)
1079 2554 1158 2627 longe
1178 2555 1267 2620 aliter,
1285 2566 1366 2627 atque
1380 2573 1395 2606 a

350 2630 456 2688 «nonde
473 2645 525 2695 est,
542 2645 572 2682 ut
586 2632 721 2703 suspicor,
738 2631 847 2702 illisqui
893 2652 935 2686 me
952 2634 1023 2687 dicta
1040 2647 1129 2700 eraut,
1146 2631 1308 2686 detulerunt.
1323 2637 1397 2686 Hora

349 2724 457 2775 tenent,
474 2711 573 2763 nullam
590 2713 714 2782 cuiquam
731 2709 849 2780 largitio-
893 2732 981 2779 nona,
994 2713 1040 2764 illo
1055 2715 1113 2784 ipso
1126 2712 1183 2778 die,
1200 2725 1229 2762 tu
1242 2731 1269 2764 es
1283 2712 1396 2783 adopta-

347 2807 407 2840 nem
420 2790 598 2859 relinquere.»
895 2805 967 2842 tus.»
986 2821 1018 2829 -
1033 2789 1204 2862 Deplorante‚
1223 2808 1273 2861 pro
1289 2811 1296 2840 ε
1316 2809 1396 2862 quum

300 2885 302 2892 ’
386 2867 426 2933 14.
438 2868 477 2917 Μ.
487 2870 609 2919 (atonem
616 2907 624 2934 ,
633 2879 682 2919 etc.
694 2867 771 2917 Conl.
781 2865 847 2918 Gell.
895 2869 982 2921 Cicero
996 2869 1158 2940 deplorasset.

348 2947 427 2997 Noet.
442 2949 495 2997 Αιι.
510 2949 559 3012 lV,
575 2964 614 2999 rc.
626 2976 662 2985 —
675 2945 850 3019 Interpellan-
934 2965 973 3016 ¹7·
992 2948 1016 2998 A
1029 2949 1149 2999 Patribus
1158 2945 1194 2997 ad
1202 2945 1305 3017 plebem
1319 2957 1397 2998 trans

349 3036 417 3086 tem,·
438 3025 464 3076 id
483 3039 539 3091 est,
559 3027 615 3095 ejus
634 3023 746 3076 consilia
764 3025 849 3076 verbis
894 3029 948 3078 ire.-
964 3045 980 3077 a
992 3027 1100 3098 patricia
1112 3039 1205 3096 gente,
1216 3028 1243 3076 in
1254 3045 1307 3097 qua
1319 3039 1397 3077 natus

349 3117 504 3156 morantem.
811 3119 818 3136 ‘
894 3119 963 3171 crat,
976 3105 1009 3156 ad
1021 3105 1151 3177 plebeiam
1162 3123 1211 3176 per
1222 3103 1395 3175 adoptionem

387 3183 426 3235 15.
438 3180 847 3252 L.lttrnllo...resistenti;quum
894 3185 1017 3250 transire,
1038 3197 1068 3234 ut
1085 3182 1171 3254 plebis
1187 3182 1322 3235 Tribunus
1341 3181 1395 3234 fieri

348 3261 432 3313 Caeam
444 3274 499 3311 rata
511 3279 567 3312 esse
581 3259 687 3332 juberet
698 3272 758 3310 actu
771 3261 849 3310 Porn-
893 3275 1005 3333 posset,
1030 3274 1056 3314 et
1076 3263 1232 3313 Ciceronem
1254 3262 1394 3331 exagitare.

348 3341 409 3412 peii.
424 3367 459 3380 -
474 3338 683 3390 calumniarum.
696 3335 849 3389 Minabatur
894 3338 1163 3412 AdoptauitClodium
1171 3343 1198 3391 P.
1205 3341 1331 3392 Fonteius
1339 3340 1397 3411 lege

348 3419 432 3470 Caesar
446 3415 654 3488 disquisitionem
668 3435 755 3469 rerum
770 3435 783 3467 a
797 3417 848 3467 Lu·
894 3421 993 3471 curiata
1005 3419 1074 3488 (cic.
1088 3439 1137 3492 pro
1149 3419 1235 3470 Domo
1248 3437 1311 3484 sua,
1327 3420 1396 3472 1301

347 3496 419 3549 eullo
431 3496 459 3548 in
471 3498 534 3547 Asia
548 3509 688 3565 gestarum.
706 3494 848 3547 Calumnioe
894 3497 956 3567 29);
974 3499 1031 3547 «ita
1040 3500 1079 3548 tir
1089 3500 1188 3569 optime
1198 3500 1306 3550 meritus
1314 3497 1348 3550 de
1359 3517 1397 3550 re·

347 3578 454 3650 proprie.
473 3588 535 3628 sunt
552 3575 610 3627 lites
628 3593 676 3647 per
688 3574 846 3626 calumniam
892 3574 1000 3647 publica
1011 3579 1270 3648 conservatepatriae
1281 3580 1397 3649 pretium

347 3659 465 3723 intenta,
479 3655 560 3708 falsae.
823 3645 825 3652 ’
892 3656 998 3726 (Cicero
1004 3655 1023 3726 ),
1029 3655 1203 3708 calamitatem
1213 3657 1296 3709 exsilii
1304 3657 1394 3708 talita

386 3737 425 3789 16.
441 3736 560 3788 Cicerone
573 3732 707 3806 injudicio
720 3734 846 3805 quodam,
892 3734 984 3786 Vellei.
998 3737 1034 3802 ll,
1046 3737 1096 3802 45ς
1109 3737 1156 3808 qui
1169 3749 1194 3786 et
1206 3734 1296 3788 addit:
1313 3737 1396 3787 «Non

347 3829 396 3867 etc.
419 3817 447 3867 ln
465 3815 588 3866 oratione
607 3832 656 3885 pro
670 3813 699 3864 C.
714 3814 847 3880 Antonio,
893 3830 1033 3866 caruerunt
1047 3817 1199 3886 suspicione
1211 3818 1337 3888 oppressi
1354 3817 1396 3867 Ci-

315 3892 318 3901 ’
348 3894 590 3965 anteaeollegasuo
601 3894 627 3943 in
638 3892 792 3958 consulatu,
803 3912 847 3964 po·
893 3895 995 3944 caronis
1008 3893 1094 3944 Cesar
1112 3907 1138 3944 et
1156 3895 1297 3964 Pompeius
1318 3916 1323 3942 :
1343 3893 1397 3944 hoe

347 3973 571 4027 stcalllacsdonia
579 3972 717 4044 praelecto,
726 3970 760 4021 ob
768 3989 846 4042 quam
894 3969 943 4021 sibi
957 3973 1119 4022 contraxisse
1133 3970 1270 4022 videbatur
1285 3971 1396 4034 Cicero,

346 4051 507 4117 provinciam
516 4049 583 4101 male
591 4049 798 4102 administratam
807 4066 848 4098 ac·
894 4048 966 4120 quod
973 4049 1043 4100 inter
1050 4050 1099 4100 XX
1106 4052 1176 4102 viros
1184 4047 1323 4102 dividendo
1332 4067 1395 4117 agro

348 4139 455 4178 cusatus
469 4141 516 4181 est.
536 4131 656 4180 Meminit
670 4130 724 4198 ejus
739 4129 777 4178 rei
791 4129 847 4198 ipse
893 4127 1028 4199 Campano
1042 4145 1099 4179 esse
1114 4127 1272 4179 noluisset.»

347 4204 453 4270 Cicero,
463 4223 511 4273 pro
521 4209 606 4258 Domo
618 4226 677 4272 sua,
693 4209 722 4259 16
735 4228 740 4254 ι
756 4228 766 4252 ι
778 4208 847 4256 Hora
927 4207 964 4258 rt.
974 4207 1081 4259 induxit
1092 4207 1215 4259 Vettium.
1226 4209 1299 4260 llane
1308 4225 1399 4258 emcn-
