3122 5134
480 536 603 602 NOVl
625 536 874 605 EDlTORlS.
1177 542 1210 606 xi

211 705 233 748 a
246 675 421 754 Caesares
457 677 639 755 Suetonii
675 677 828 755 contuli
863 707 956 755 cum
988 679 1088 757 Cod.
1126 679 1211 756 MS.

159 817 485 916 membranaceo,
501 847 547 896 ex
557 818 800 896 bibliotheca
810 821 846 896 N
850 821 929 896 ic.J
932 848 987 897 os.
999 818 1210 918 Foucault,

159 960 317 1036 comitis
329 962 622 1056 consistoriani,
638 959 756 1038 bonae
772 981 893 1058 notae,
912 961 979 1037 sed
995 961 1214 1039 admodum

156 1103 333 1196 recenti,
351 1104 392 1176 in
414 1103 532 1208 cujus
549 1099 632 1178 fine
650 1099 877 1207 legebatur:
898 1102 971 1178 JA.
993 1103 1062 1178 DE
1085 1103 1215 1179 HOL-
1238 1116 1244 1126 '
1266 1146 1270 1155 ·

156 1242 364 1320 nauum
395 1245 579 1346 noua,
620 1245 731 1340 4444.
762 1243 853 1318 xx.
884 1225 960 1320 nn
994 1243 1212 1331 rmum,

157 1383 303 1462 Graeca
319 1386 487 1463 deerant
500 1385 640 1464 relicto
655 1389 792 1492 spatio.
806 1418 823 1458 a
1296 1385 1303 1390 ’

208 1531 273 1608 De
290 1531 454 1636 reliquis
467 1531 649 1609 Suetonii
663 1534 818 1638 scriptis
831 1531 937 1607 idem
951 1531 1091 1608 eodem
1106 1528 1213 1609 loco:

159 1671 364 1748 «Librum
378 1672 429 1748 de
445 1674 725 1750 Grammaticis
744 1692 784 1749 et
798 1671 1042 1749 erctoribus
1059 1670 1215 1749 contuli

156 1840 250 1892 cum
276 1816 445 1918 antiqua
467 1813 662 1912 editione,
685 1817 727 1888 in
748 1815 864 1922 cujus
885 1810 993 1890 calce
1015 1813 1212 1891 exstabat:

155 1959 390 2064 Impressttm
413 1959 619 2034 Ftorenttoe
638 1956 740 2063 apud
762 1958 944 2034 Sanctum
966 1961 1147 2038 Jacobam
1169 1956 1215 2034 de

155 2099 306 2206 Ripoli,
337 2099 742 2194 MCCCCLXXVIH,
779 2127 887 2177 anno
921 2100 1042 2207 1738,
1078 2128 1215 2177 mense

156 2237 289 2345 Aprili
312 2258 352 2316 et
371 2241 477 2316 Maio
499 2242 541 2314 in
562 2238 662 2316 bibl.
689 2239 859 2320 Senatus
878 2242 1103 2346 Lipsiensis.
1116 2274 1133 2314 a
1157 2241 1216 2318 Ac

157 2381 206 2458 de
223 2383 304 2460 hac
317 2383 482 2487 quidem
501 2383 690 2480 editione,
710 2387 802 2462 satis
819 2413 863 2460 ea
880 2405 974 2461 nota
989 2405 1028 2460 et
1042 2413 1217 2462 comme-

159 2544 314 2602 morata
335 2527 453 2601 etiam
471 2554 494 2599 a
508 2527 735 2632 Bipontinis
751 2527 794 2603 in
813 2527 954 2606 notitia
971 2523 1145 2602 literaria
1165 2525 1216 2602 de

159 2669 356 2748 Suetonio
381 2668 639 2775 Tranquillo,
657 2701 748 2780 pag.
763 2673 875 2767 XVI,
899 2670 1031 2747 dicere
1054 2698 1135 2747 non
1156 2689 1217 2746 at-

158 2811 274 2888 tinet.
313 2808 474 2890 Codicis
508 2831 642 2888 autem
672 2810 959 2890 transscribere
983 2813 1216 2887 varietatem

159 2980 322 3030 omnem
340 2951 626 3049 abstinuimus,
640 2981 769 3057 quum
786 2949 1017 3046 librarium,
1034 2954 1219 3054 quicum-

159 3123 238 3200 que
258 3092 331 3171 ille
345 3095 486 3190 fuerit,
505 3092 755 3200 negligenter
769 3121 930 3200 prorsus
946 3096 989 3168 in
1006 3093 1083 3170 hoc
1098 3121 1218 3197 nego-

160 3238 215 3314 tio
235 3255 440 3314 versatum
456 3235 577 3311 fuisse
593 3238 685 3316 satis
701 3254 906 3340 appareat,
924 3231 1061 3310 multis
1082 3253 1217 3310 tamen

161 3376 269 3458 locis*
294 3383 537 3485 optimorum
573 3377 688 3464 codd.
715 3374 929 3454 lectionem
961 3380 1036 3454 isto
1068 3374 1219 3453 confir-

161 3526 287 3618 mari,
312 3523 490 3600 breviter
502 3541 731 3618 monentes,
748 3518 956 3598 nonnullis
973 3518 1218 3626 singularem

163 3691 329 3770 quoque
348 3691 482 3769 neque
504 3667 680 3770 ineptam
704 3661 895 3744 exhiberi.

206 3807 384 3882 Accessit
394 3807 491 3882 item
503 3805 599 3896 huic
607 3804 775 3882 editioni
783 3801 1078 3881 commendatio
1086 3802 1223 3879 exedi·

164 3947 275 4023 tione
289 3946 539 4042 Casauboui,
557 3949 656 4023 anni
674 3947 785 4043 1611,
802 3973 894 4050 quae
913 3946 956 4020 in
976 3941 1220 4022 bibliotheca

165 4086 324 4166 Cizensi
340 4108 537 4185 servatur,
555 4089 608 4168 ob
625 4092 904 4169 annotationes
919 4117 943 4165 a
955 4088 1112 4166 Thoma
1127 4087 1222 4164 Rei-

168 4231 278 4307 nesio
290 4233 463 4336 margini
473 4232 707 4340 adscriptas,
721 4261 894 4337 quarum
905 4233 1108 4340 specimen
1116 4224 1223 4307 Mul·
