3040 5118
539 544 778 610 TIBERIUS.
1115 548 1181 615 365

138 677 241 757 mani,
260 672 303 741 ad
317 698 421 769 ¹(luem,
438 691 517 742 sunt
535 675 706 742 Ciceronis
720 672 886 764 epistolae,
907 673 1003 742 duxit
1020 697 1181 745 uxorem:

138 783 354 879 sublatoquet
375 808 416 852 ex
437 807 476 850 ea
496 781 565 851 lilio
583 790 710 866 Druso,
733 807 938 878 quamquam
959 783 1044 852 bene
1063 808 1184 854 conve·
1240 855 1242 866 ,

139 899 298 978 nieutem,
326 916 511 986 rursusque
537 891 732 984 gravidam,
762 891 949 976 dimittere,
974 918 1015 960 ac
1039 893 1183 978 lulium,

138 1007 276 1097 Augusti
295 1002 417 1086 filiam,
437 1003 612 1071 confestim
631 1019 766 1071 coactus
786 1016 838 1070 est
857 999 1002 1072 ducere:
1022 1027 1091 1070 non
1112 1007 1185 1073 sine

139 1116 880 1210 magnoangoreanimi,quumetdgrippinae
889 1113 1186 1184 consuetudinem-

140 1242 286 1310 neretur,
298 1243 332 1293 et
341 1230 358 1292 J
363 1224 439 1293 uliae
448 1249 559 1295 mores
572 1225 793 1318 improbaret,
804 1240 956 1319 utquam
967 1229 1186 1296 sensissetsui

140 1359 273 1431 quoque
286 1335 366 1403 sub⁵
382 1339 494 1429 priore
506 1337 626 1403 marito
640 1352 870 1429 appetentem,
887 1335 980 1430 quod
994 1361 1075 1405 sane
1087 1339 1186 1405 ctiam

141 1447 239 1538 vulgo
258 1446 521 1515 existimabatur.
544 1446 608 1517 Sed
628 1449 865 1542 ⁶Agrippinam
882 1464 916 1516 et
937 1448 1089 1542 abegisse
1111 1466 1189 1542 post

142 1555 320 1624 divortium
331 1555 454 1639 doluit,
468 1572 502 1622 et
512 1555 616 1624 semel
629 1559 767 1624 omnino
779 1581 820 1625 ex
832 1581 976 1625 occursu
986 1560 1093 1626 visam
1103 1555 1189 1625 adeo

141 1668 323 1734 contentis⁷
339 1683 373 1733 ct
387 1665 594 1734 tumentibus
610 1667 714 1736 oculis
729 1684 928 1761 prosecutus
944 1687 1008 1752 cst,
1026 1685 1065 1736 ut
1080 1685 1188 1738 custo·

141 1777 251 1864 ditum
272 1781 330 1862 sit,
351 1803 395 1846 ue
412 1803 563 1872 unquam
583 1783 619 1846 in
641 1796 859 1873 conspectum
879 1776 956 1872 ejus'
975 1779 1115 1873 posthac
1134 1805 1190 1848 ve·

141 1893 237 1957 uiret.
249 1893 334 1957 Cum
345 1889 434 1958 dulia
444 1893 553 1983 primo
566 1891 776 1959 concorditer
787 1907 821 1958 et
833 1915 949 1957 amore
960 1907 1078 1983 mutuo
1090 1894 1188 1958 vixit:

142 1999 238 2068 mox⁸
258 1998 411 2083 dissedit,
434 2018 468 2068 ct
485 2001 658 2096 aliquantu
679 2005 831 2093 graviuS,
852 2018 890 2069 ut
908 2003 1007 2070 ctiam
1026 2019 1190 2096 perpetuo

144 2195 313 2260 affinitatem,
324 2211 534 2270 praeoptaretque
543 2199 659 2270 Equitis¹
725 2199 752 2252 6.
770 2199 953 2274 Aqu'ppincm.
971 2198 1052 2250 Duxit
1070 2197 1191 2250 abactam

143 2271 255 2327 Rotnani
280 2274 359 2326 liliam
381 2293 569 2346 generosarum
595 2293 646 2327 nu·
690 2279 798 2329 Asinius
823 2277 931 2344 Gallus,
956 2278 1040 2330 Asinii
1065 2275 1193 2329 Pollionis

143 2354 214 2422 ptiis.
224 2378 235 2400 ι
246 2355 330 2406 Tacit.
341 2353 436 2406 Aonal.
447 2357 484 2418 11,
495 2353 544 2421 43,
553 2355 646 2420 Drusi,
690 2357 774 2425 filius,
788 2360 835 2428 qui
848 2357 947 2409 dicitur
956 2357 1041 2408 Tacit.
1054 2356 1150 2408 Annal.
1165 2357 1194 2424 1,

144 2431 316 2496 Tiberiifilii,
332 2452 459 2504 proavum
469 2434 645 2504 Pomponium
694 2453 740 2500 ra,
767 2435 893 2505 «pridem
914 2435 1014 2486 invisus
1038 2432 1192 2504 (Tiberio),

142 2513 261 2562 Atticum
271 2511 344 2562 dicit.
358 2511 456 2564 Coect'lit'
466 2529 563 2562 nomen
575 2513 647 2563 Pom·
690 2530 817 2586 tanquam
841 2513 921 2566 dueta
945 2515 972 2564 in
997 2515 1193 2566 matrimonium

144 2590 242 2658 pocius
254 2601 395 2658 receperat
410 2587 444 2639 ab
456 2589 588 2640 avunculo
600 2608 648 2660 per
692 2594 833 2664 Vipsania,
853 2595 889 2643 M.
908 2591 1032 2664 Agrippas
1050 2590 1117 2657 lilia,
1137 2609 1194 2663 quat

145 2681 332 2721 testamentum
360 2669 513 2740 adoptatus.
542 2668 647 2722 Corncl.
693 2667 1194 2742 quondamTiberiiuxorfuerat,plus
1270 2727 1273 2734 ,

145 2747 299 2818 Nepdttic.
309 2748 427 2801 5.Verba
436 2749 647 2822 autemcdqucm
694 2767 771 2819 qnam
785 2746 870 2799 civilia
880 2749 1003 2817 agitaret,
1014 2743 1194 2816 Pollionisque

142 2826 648 2898 suntCiceronisepistoloeeglossemats
692 2827 776 2878 Asinii
795 2826 878 2896 patris
892 2824 1020 2876 ferociam
1037 2825 1191 2876 retineret.-

135 2907 265 2976 fprolecta
282 2903 345 2956 ruibi
358 2905 487 2958 ridentur.
693 2905 733 2957 cf.
747 2907 814 2972 Dio,
825 2904 908 2968 LVII,
925 2903 1101 2970 2,et1,v111,
1116 2901 1141 2954 3.

180 2985 414 3057 4.Sul›latoque....
426 2985 648 3038 dimittemccnf.
730 3001 755 3054 7.
777 2981 958 3038 contentio...
976 2981 1067 3035 oculis.
1089 2979 1196 3050 Mallem

146 3067 210 3132 llio,
223 3067 255 3118 Ll
260 3069 289 3130 V,
303 3065 345 3116 31.
359 3066 409 3117 llas
419 3084 434 3116 a
445 3064 577 3118 veteribus
589 3063 650 3116 inde
694 3061 815 3124 interulis,
829 3078 990 3132 quamquain
1004 3057 1100 3111 ecdem
1119 3057 1195 3111 redit.

146 3161 196 3198 usu
209 3145 364 3197 confirmata
378 3145 448 3196 inter
462 3161 522 3208 cos,
537 3145 597 3214 qui,
609 3161 651 3195 re·
696 3139 864 3192 Tumcntibus
876 3137 932 3190 teil.
951 3137 1052 3189 obortis
1066 3135 1197 3203 lacrimis,

144 3222 239 3292 fiendis
253 3222 359 3294 populis
377 3222 509 3293 praelecti,
523 3239 610 3272 mores
624 3235 650 3272 ct
695 3219 741 3272 sed
753 3217 872 3271 noudum
885 3218 991 3284 effusis,
1004 3229 1034 3267 ut
1048 3229 1119 3268 recte
1132 3217 1198 3267 Rur-

146 3301 224 3355 lidem
239 3301 397 3374 pradicant,
411 3299 507 3372 quibus
521 3298 649 3369 obstringi
694 3317 783 3350 nrann.
802 3298 869 3348 Nam
884 3295 998 3348 Casaub.
1014 3308 1141 3347 contento
1156 3297 1198 3346 in·

145 3399 174 3433 se
186 3400 241 3432 nun
251 3382 350 3432 ferunt.
363 3379 420 3444 Sic,
432 3379 533 3450 legibus
546 3377 650 3430 subver-
695 3381 763 3430 tuitu
784 3389 927 3429 tumentes·
937 3375 1066 3445 explicat,
1089 3393 1198 3445 compa·

147 3461 198 3526 sis,
214 3459 269 3511 dux
283 3458 327 3510 ille
338 3473 428 3511 nostor
441 3457 603 3530 (Nupoldon)
617 3476 651 3508 ns
697 3474 758 3508 rant
778 3455 897 3521 κνλιιδιᾷι
916 3474 931 3507 e
951 3453 1084 3506 Tlroocrit.
1106 3454 1135 3518 l,
1153 3453 1196 3523 37.

148 3541 346 3590 matrimonium
359 3534 465 3610 quidem
479 3539 549 3604 suis,
561 3537 607 3588 ubi
617 3538 654 3589 vi·
696 3536 818 3588 Heinsius
830 3533 965 3586 urentibus
978 3531 1018 3584 rel
1034 3531 1199 3584 humentibus

147 3637 205 3672 sum
230 3635 308 3687 erat,
330 3633 452 3672 sarrctnm
474 3637 530 3671 csse
550 3617 653 3684 voluit,
696 3611 866 3684 conjiciebat.

148 3715 233 3769 quum
253 3697 288 3751 ad
308 3717 417 3768 regnum
436 3710 578 3768 provectos
599 3714 651 3748 nu·
734 3693 759 3744 Β.
779 3692 845 3742 Mox
858 3689 968 3741 dissedit.
982 3685 1063 3738 Valde
1081 3683 1134 3738 hoc
1148 3686 1199 3740 dit-

116 3819 120 3825 .
147 3780 234 3850 ptius,
251 3777 384 3849 prioribus
401 3777 550 3847 abrogatis,
570 3795 652 3828 novas
697 3772 746 3821 fert
761 3767 904 3844 adisciclr'o.
922 3765 989 3818 Illud
1006 3765 1199 3818 dissensionem

149 3857 214 3910 inira
228 3856 345 3926 juberet.
357 3885 392 3894 -
408 3857 574 3926 Quamquam
590 3855 653 3906 bene
697 3850 844 3900 animorum
855 3846 997 3917 significat,
1007 3844 1059 3897 boc
1068 3845 1200 3898 matrimo-

149 3937 360 3998 couoem'cutem
374 3933 479 4002 indole,
493 3934 611 3986 moribus
625 3946 651 3985 ct
696 3931 734 3980 nii
752 3928 921 3980 solutionem.
938 3928 976 3978 lta
993 3942 1043 3978 nos
1060 3924 1129 3978 Galli
1147 3925 1199 3978 dis·

150 4033 241 4068 amore
253 4019 432 4087 conjunctam.
696 4010 797 4063 semion
811 4007 931 4061 atentirc
941 4005 1087 4074 babemus,
1103 4007 1200 4060 etsct's-

186 4096 211 4148 5.
230 4096 285 4148 Sat
298 4097 384 4166 priore
398 4093 508 4154 mart'to,·
526 4093 651 4164 Agrippa.
697 4087 909 4143 sinnasciuderc.
920 4091 1015 4139 Postea
1025 4104 1073 4158 pro
1083 4104 1200 4137 commu·
1264 4074 1275 4093 ¹

150 4174 227 4242 conf.
244 4177 356 4246 August.
374 4175 416 4228 63.
432 4204 466 4215 -
480 4173 654 4226 Existimetur·
699 4164 801 4240 nisfilii
808 4169 934 4240 pipuore,
947 4164 1200 4238 praeplacct‚put0,

151 4265 207 4320 tur,
222 4253 367 4308 ferebatur.
700 4247 841 4302 communi.
