3122 5134
334 545 403 598 xstt
577 530 827 604 REGENSUS
850 531 1144 602 EDlTlONUM

372 689 411 702 -
423 656 458 715 C.
470 655 604 718 Suetonii
616 658 730 738 Tranq.
743 658 846 740 Opera
857 658 981 734 omnia,
994 678 1066 718 cum
1079 655 1331 718 annotationibus
1342 655 1388 718 di·

331 774 501 816 versorum.
516 755 642 817 Osonii.
661 775 708 814 12.

374 851 460 913 1662.
475 849 603 914 Schildii
616 872 645 912 v.
658 850 758 934 Lugd-
771 853 837 914 sat.
850 855 880 916 8.

375 947 459 1010 1663.
473 952 553 1012 Cum
564 949 822 1012 annotationibus
834 950 1036 1012 diversorum.
1049 948 1216 1012 Amstelod.
1233 951 1277 1012 16.

375 1047 460 1129 1667.
472 1045 598 1108 Schildii
610 1069 656 1110 vr.
668 1048 815 1130 Lugduni
828 1049 894 1109 Bat.
909 1069 945 1110 ex
957 1047 1039 1110 offic.
1052 1049 1223 1110 Hackiana.
1237 1047 1267 1110 8.

374 1143 459 1206 1668.
480 1144 648 1208 Boxhornii
670 1165 714 1206 tv.
737 1149 769 1206 C.
785 1146 920 1208 Suetonii
931 1148 1046 1228 Tranq.
1064 1167 1132 1228 quae
1154 1158 1287 1220 exstant,
1303 1157 1333 1206 et
1352 1147 1389 1204 in

330 1264 403 1306 eum
414 1244 458 1304 M.
471 1245 572 1306 Zuerii
583 1241 752 1306 Boxhomii
765 1259 856 1306 notae.
869 1245 1033 1307 amstelod.
1043 1245 1127 1328 apud
1136 1248 1187 1308 lo.
1199 1247 1348 1318 Jansson,
1358 1257 1387 1304 et

331 1339 435 1400 Ellzaei
445 1340 658 1421 weyerstraedi
670 1342 809 1403 viduam.
826 1363 870 1404 ra.

329 1533 355 1594 Ε
356 1436 459 1596 ¹:elim
471 1440 552 1500 Cum
561 1440 817 1501 annotationibus
826 1439 1027 1502 diversorum.
1037 1439 1205 1502 Amstelod.
1214 1440 1390 1523 ‘typisDam

404 1535 484 1595 virii.
504 1536 548 1595 16.

585 1703 731 1782 ⁴AETAS
755 1706 817 1768 lv.
841 1705 1135 1771 GRAEVIANA.

748 1849 970 1931 1672-1800.

369 2015 516 2076 Priorum
529 2013 684 2078 editorum
699 2020 781 2079 curis
793 2039 862 2080 suas
878 2018 1022 2100 adjunxit
1031 2017 1185 2079 veteribus
1195 2016 1386 2078 membranis

329 2111 452 2195 adjutus
464 2115 492 2175 J.
505 2113 542 2174 G.
554 2114 708 2193 Graevius,
721 2117 794 2176 novi
807 2117 848 2177 sic
861 2117 993 2199 exempli
1006 2130 1126 2178 auctor.
1137 2117 1329 2177 Ornamenta
1342 2128 1389 2175 at··

328 2210 426 2271 tulare
442 2211 510 2271 Car.
529 2212 656 2274 Patinus
671 2226 701 2273 et
716 2215 798 2273 Sam.
813 2215 950 2276 Pitiscus.
968 2213 1128 2275 Delectum
1142 2235 1214 2273 cum
1228 2213 1384 2294 spicilegio

328 2307 426 2369 fecere
438 2310 518 2369 Petr.
532 2309 729 2371 burmannus
742 2325 774 2396 et
784 2312 808 2369 F
810 2333 892 2373 ranc.
906 2310 1158 2394 Oudendorpius.
1173 2309 1306 2393 Stipulas
1316 2323 1386 2369 tan·

329 2407 400 2468 dem
411 2407 485 2490 legit
496 2409 542 2467 Jo.
555 2409 633 2490 Aug.
644 2409 778 2469 Ernesti.

372 2503 458 2588 1672.
477 2505 640 2567 Graeviana
660 2527 680 2564 1.
701 2507 734 2567 C.
754 2506 916 2567 Suetonius
934 2504 1136 2587 Tranquillus
1154 2525 1190 2564 ex
1209 2504 1386 2566 recensione

326 2604 456 2666 loannis
468 2605 595 2686 Georgii
610 2605 738 2681 Graevii,
752 2625 825 2665 oum
842 2603 979 2686 ejusdem
997 2603 1333 2678 animadversionibus,
1350 2615 1387 2663 ut

329 2714 359 2764 et
368 2703 590 2764 commentario
603 2702 723 2784 integro
737 2704 855 2762 Laevini
864 2703 1033 2777 Torrentii‚
1046 2718 1076 2763 et
1087 2703 1182 2763 Isaaci
1195 2699 1384 2764 Casauboni.

327 2800 384 2860 His
394 2799 546 2860 accedunt
557 2800 643 2862 Notae
654 2798 810 2860 Theodori
825 2799 956 2861 Marcilii
973 2814 1003 2860 et
1017 2801 1170 2860 Francisei
1184 2798 1313 2880 Guyeti,
1328 2817 1386 2858 nee

328 2917 393 2957 non
403 2896 498 2956 ludex
508 2895 646 2958 Matthia
655 2897 841 2957 Bernecceri.
852 2897 982 2979 Trajecti
992 2898 1031 2957 ad
1041 2895 1201 2972 Rhenum,
1213 2895 1294 2978 typis
1307 2907 1338 2955 et
1350 2915 1386 2954 en

328 2991 455 3054 officina
470 2993 602 3054 Gisbsrti
615 3015 632 3053 a
646 2995 727 3077 zyll,
740 2993 928 3076 bibliopolae.
942 2997 1031 3054 Anno
1048 2995 1132 3077 1672.
1147 2992 1176 3068 4.
1255 2979 1259 2989 ’

374 3089 459 3172 ι675.
475 3090 509 3149 C.
525 3090 662 3152 Suetonii
676 3091 778 3172 Opera
790 3111 864 3171 quat
875 3102 1003 3152 exstant.
1020 3092 1147 3152 Carolus
1163 3089 1290 3150 Patinus
1303 3089 1385 3149 notis

327 3201 357 3252 et
370 3189 609 3252 numismatibus
623 3187 803 3268 illustravit,
817 3191 942 3272 suisque
955 3191 1131 3273 sumptibus
1145 3188 1250 3250 edidit.
1263 3187 1390 3249 Basileae

328 3289 411 3370 typis
423 3285 636 3348 Genathianis.
649 3286 678 3363 4.

372 3385 458 3467 1676.
478 3386 512 3445 C.
532 3386 670 3446 Suetonii
688 3385 863 3468 Tranquilli
882 3387 999 3469 Opera,
1013 3406 1086 3445 cum
1101 3386 1183 3446 notis
1197 3383 1342 3444 brevibus
1357 3397 1388 3442 et

326 3483 443 3544 selectis
456 3481 494 3541 ad
507 3504 598 3543 usum
612 3482 793 3544 lectionum.
809 3486 937 3560 Oxonii,
952 3505 968 3544 e
982 3481 1103 3542 theatro
1118 3480 1341 3542 Sheldoniano.
1357 3481 1388 3540 8.

371 3579 456 3662 1677.
470 3579 503 3638 C.
517 3577 693 3654 Suetonius,
706 3593 869 3640 accurante
881 3581 963 3640 Dan.
975 3578 1170 3638 Hartnaccio.
1183 3575 1319 3638 Dresdae.
1339 3596 1385 3633 12.

371 3674 456 3758 1678.
477 3673 561 3734 Guil.
577 3674 673 3735 Goesii
690 3674 725 3736 in
744 3675 778 3735 C.
797 3675 977 3736 Suetonium
990 3674 1211 3756 Tranquillum
1225 3670 1387 3753 Coojeeta·

328 3793 397 3836 nea.
412 3775 508 3856 Hsgae
525 3770 658 3848 Comlp

371 3871 455 3946 1684.
470 3874 504 3932 C.
519 3871 656 3930 Suetonii
669 3870 841 3952 Tranquilli
856 3872 958 3954 Opera
969 3873 1092 3947 omnia,
1104 3887 1173 3954 quae
1188 3881 1322 3944 exstant,
1338 3869 1387 3928 in·

329 3970 547 4050 terpretatione
567 3978 597 4029 et
617 3970 701 4029 notis
721 3969 888 4030 illustravit
910 3971 1100 4050 Augustinus
1121 3965 1324 4052 Babelonius‚
1346 3965 1389 4027 ad

330 4085 422 4126 usum
435 4063 596 4149 Delphini.
611 4066 752 4142 Parisiis,
764 4067 848 4150 apud
862 4065 951 4127 Fred.
965 4066 1114 4128 Leonard.
1128 4061 1156 4140 t.

374 4161 458 4223 1686.
474 4165 507 4224 C.
526 4185 556 4222 n.
571 4161 749 4224 Boxbornii.
765 4163 888 4226 Amstel.
911 4183 955 4222 η.
1117 4172 1122 4182 ’
