<?xml version="1.0" encoding="UTF-8"?>
<!DOCTYPE html PUBLIC "-//W3C//DTD XHTML 1.0 Transitional//EN"
    "http://www.w3.org/TR/xhtml1/DTD/xhtml1-transitional.dtd">
<html xmlns="http://www.w3.org/1999/xhtml" xml:lang="en" lang="en">
 <head>
  <title>
</title>
<meta http-equiv="Content-Type" content="text/html;charset=utf-8" />
  <meta name='ocr-system' content='tesseract 3.04.00' />
  <meta name='ocr-capabilities' content='ocr_page ocr_carea ocr_par ocr_line ocrx_word'/>
</head>
<body>
  <div class='ocr_page' id='page_1' title='image "./csuetoniitranqu02suetgoog_0164.png"; bbox 0 0 3144 5134; ppageno 0'>
   <div class='ocr_carea' id='block_1_1' title="bbox 372 515 1043 610">
    <p class='ocr_par' dir='ltr' id='par_1_1' title="bbox 372 515 1043 610">
     <span class='ocr_line' id='line_1_1' title="bbox 372 515 1043 610; baseline -0.003 -26"><span class='ocrx_word' id='word_1_1' title='bbox 372 525 415 610; x_wconf 78' lang='lat'><strong>9⁸</strong></span> <span class='ocrx_word' id='word_1_2' title='bbox 746 516 783 578; x_wconf 92' lang='lat' dir='ltr'><strong>c.</strong></span> <span class='ocrx_word' id='word_1_3' title='bbox 809 515 1043 582; x_wconf 80' lang='lat' dir='ltr'><strong>soaronu</strong></span> 
     </span>
    </p>
   </div>
   <div class='ocr_carea' id='block_1_2' title="bbox 366 636 1422 1180">
    <p class='ocr_par' dir='ltr' id='par_1_2' title="bbox 370 636 1422 745">
     <span class='ocr_line' id='line_1_2' title="bbox 370 636 1422 745; baseline 0.003 -34"><span class='ocrx_word' id='word_1_4' title='bbox 370 643 543 724; x_wconf 83' lang='lat' dir='ltr'><strong>humanis,</strong></span> <span class='ocrx_word' id='word_1_5' title='bbox 564 658 598 708; x_wconf 91' lang='lat' dir='ltr'><strong>et</strong></span> <span class='ocrx_word' id='word_1_6' title='bbox 617 643 653 708; x_wconf 89' lang='lat' dir='ltr'><strong>in</strong></span> <span class='ocrx_word' id='word_1_7' title='bbox 670 636 810 708; x_wconf 91' lang='lat' dir='ltr'><strong>modum</strong></span> <span class='ocrx_word' id='word_1_8' title='bbox 830 637 1012 732; x_wconf 77' lang='lat' dir='ltr'>digitorum</span> <span class='ocrx_word' id='word_1_9' title='bbox 1031 641 1165 734; x_wconf 78' lang='lat' dir='ltr'><strong>ungulis</strong></span> <span class='ocrx_word' id='word_1_10' title='bbox 1185 643 1294 712; x_wconf 80' lang='lat' dir='ltr'><strong>fissis:</strong></span> <span class='ocrx_word' id='word_1_11' title='bbox 1316 669 1422 745; x_wconf 83' lang='lat' dir='ltr'><strong>quem</strong></span> 
     </span>
    </p>

    <p class='ocr_par' dir='ltr' id='par_1_3' title="bbox 366 749 1420 1180">
     <span class='ocr_line' id='line_1_3' title="bbox 369 749 1420 848; baseline 0.004 -26"><span class='ocrx_word' id='word_1_12' title='bbox 369 772 486 822; x_wconf 86' lang='lat' dir='ltr'><strong>natum</strong></span> <span class='ocrx_word' id='word_1_13' title='bbox 504 750 595 846; x_wconf 85' lang='lat' dir='ltr'><strong>apud</strong></span> <span class='ocrx_word' id='word_1_14' title='bbox 612 774 648 818; x_wconf 92' lang='lat' dir='ltr'><strong>se</strong></span> <span class='ocrx_word' id='word_1_15' title='bbox 669 775 774 846; x_wconf 89' lang='lat' dir='ltr'><strong>quum</strong></span> <span class='ocrx_word' id='word_1_16' title='bbox 795 749 989 844; x_wconf 87' lang='lat' dir='ltr'><strong>haruspices</strong></span> <span class='ocrx_word' id='word_1_17' title='bbox 1007 755 1186 848; x_wconf 89' lang='lat' dir='ltr'><strong>imperium</strong></span> <span class='ocrx_word' id='word_1_18' title='bbox 1207 756 1299 824; x_wconf 90' lang='lat' dir='ltr'><strong>orhis</strong></span> <span class='ocrx_word' id='word_1_19' title='bbox 1319 773 1420 826; x_wconf 85' lang='lat' dir='ltr'><strong>terrae</strong></span> 
     </span>
     <span class='ocr_line' id='line_1_4' title="bbox 368 860 1420 958; baseline 0.006 -28"><span class='ocrx_word' id='word_1_20' title='bbox 368 864 555 958; x_wconf 77' lang='lat' dir='ltr'><strong>significare</strong></span> <span class='ocrx_word' id='word_1_21' title='bbox 579 860 716 944; x_wconf 83' lang='lat' dir='ltr'><strong>domino</strong></span> <span class='ocrx_word' id='word_1_22' title='bbox 740 866 1040 956; x_wconf 82' lang='lat' dir='ltr'><strong>pronunciassent,</strong></span> <span class='ocrx_word' id='word_1_23' title='bbox 1064 888 1292 958; x_wconf 74' lang='lat' dir='ltr'><strong>magnacum</strong></span> <span class='ocrx_word' id='word_1_24' title='bbox 1315 867 1420 952; x_wconf 80' lang='lat' dir='ltr'><strong>aluit,</strong></span> 
     </span>
     <span class='ocr_line' id='line_1_5' title="bbox 366 955 1420 1071; baseline 0 -25"><span class='ocrx_word' id='word_1_25' title='bbox 366 1002 430 1046; x_wconf 89' lang='lat' dir='ltr'><strong>nec</strong></span> <span class='ocrx_word' id='word_1_26' title='bbox 449 979 634 1069; x_wconf 87' lang='lat' dir='ltr'><strong>patientem</strong></span> <span class='ocrx_word' id='word_1_27' title='bbox 655 955 794 1041; x_wconf 76' lang='lat' dir='ltr'><strong>sessoris</strong></span> <span class='ocrx_word' id='word_1_28' title='bbox 815 973 951 1042; x_wconf 86' lang='lat' dir='ltr'><strong>alterius</strong></span> <span class='ocrx_word' id='word_1_29' title='bbox 972 978 1102 1070; x_wconf 86' lang='lat' dir='ltr'><strong>primus</strong></span> <span class='ocrx_word' id='word_1_30' title='bbox 1122 976 1294 1045; x_wconf 86' lang='lat' dir='ltr'><strong>ascendit:</strong></span> <span class='ocrx_word' id='word_1_31' title='bbox 1319 976 1420 1071; x_wconf 86' lang='lat' dir='ltr'><strong>cujus</strong></span> 
     </span>
     <span class='ocr_line' id='line_1_6' title="bbox 366 1082 1419 1180; baseline 0.002 -27"><span class='ocrx_word' id='word_1_32' title='bbox 366 1090 467 1154; x_wconf 90' lang='lat' dir='ltr'><strong>etiam</strong></span> <span class='ocrx_word' id='word_1_33' title='bbox 488 1087 611 1152; x_wconf 83' lang='lat' dir='ltr'><strong>instar²</strong></span> <span class='ocrx_word' id='word_1_34' title='bbox 634 1107 697 1176; x_wconf 91' lang='lat' dir='ltr'><strong>pro</strong></span> <span class='ocrx_word' id='word_1_35' title='bbox 720 1082 792 1152; x_wconf 85' lang='lat' dir='ltr'><strong>aede</strong></span> <span class='ocrx_word' id='word_1_36' title='bbox 814 1087 954 1152; x_wconf 87' lang='lat' dir='ltr'><strong>Veneris</strong></span> <span class='ocrx_word' id='word_1_37' title='bbox 973 1087 1159 1154; x_wconf 85' lang='lat' dir='ltr'><strong>Genetricis</strong></span> <span class='ocrx_word' id='word_1_38' title='bbox 1181 1103 1300 1180; x_wconf 81' lang='lat' dir='ltr'><strong>postea</strong></span> <span class='ocrx_word' id='word_1_39' title='bbox 1322 1086 1419 1155; x_wconf 90' lang='lat' dir='ltr'><strong>dedi·</strong></span> 
     </span>
    </p>
   </div>
   <div class='ocr_carea' id='block_1_3' title="bbox 361 1211 1418 1628">
    <p class='ocr_par' dir='ltr' id='par_1_4' title="bbox 366 1211 462 1262">
     <span class='ocr_line' id='line_1_7' title="bbox 366 1211 462 1262; baseline 0 0"><span class='ocrx_word' id='word_1_40' title='bbox 366 1211 462 1262; x_wconf 80' lang='lat' dir='ltr'><strong>cavlt.</strong></span> 
     </span>
    </p>

    <p class='ocr_par' dir='ltr' id='par_1_5' title="bbox 361 1302 1418 1628">
     <span class='ocr_line' id='line_1_8' title="bbox 411 1302 1418 1397; baseline 0.005 -24"><span class='ocrx_word' id='word_1_41' title='bbox 411 1308 513 1373; x_wconf 83' lang='lat' dir='ltr'><strong>Lxlt.</strong></span> <span class='ocrx_word' id='word_1_42' title='bbox 540 1303 757 1372; x_wconf 74' lang='lat' dir='ltr'><strong>Inclinatam¹</strong></span> <span class='ocrx_word' id='word_1_43' title='bbox 783 1305 889 1371; x_wconf 85' lang='lat' dir='ltr'><strong>aciem</strong></span> <span class='ocrx_word' id='word_1_44' title='bbox 911 1302 1003 1372; x_wconf 91' lang='lat' dir='ltr'><strong>solus</strong></span> <span class='ocrx_word' id='word_1_45' title='bbox 1026 1328 1116 1397; x_wconf 87' lang='lat' dir='ltr'><strong>saepe</strong></span> <span class='ocrx_word' id='word_1_46' title='bbox 1136 1308 1302 1390; x_wconf 88' lang='lat' dir='ltr'><strong>restituit,</strong></span> <span class='ocrx_word' id='word_1_47' title='bbox 1325 1307 1418 1377; x_wconf 91' lang='lat' dir='ltr'><strong>ohsi-</strong></span> 
     </span>
     <span class='ocr_line' id='line_1_9' title="bbox 362 1399 1417 1510; baseline 0.003 -26"><span class='ocrx_word' id='word_1_48' title='bbox 362 1433 453 1484; x_wconf 89' lang='lat' dir='ltr'><strong>stens</strong></span> <span class='ocrx_word' id='word_1_49' title='bbox 472 1415 691 1508; x_wconf 77' lang='lat' dir='ltr'><strong>fugientibus,</strong></span> <span class='ocrx_word' id='word_1_50' title='bbox 708 1417 921 1510; x_wconf 86' lang='lat' dir='ltr'><strong>retinensque</strong></span> <span class='ocrx_word' id='word_1_51' title='bbox 936 1415 1103 1510; x_wconf 80' lang='lat' dir='ltr'><strong>singulos,</strong></span> <span class='ocrx_word' id='word_1_52' title='bbox 1119 1433 1153 1484; x_wconf 93' lang='lat' dir='ltr'><strong>et</strong></span> <span class='ocrx_word' id='word_1_53' title='bbox 1169 1399 1329 1486; x_wconf 80' lang='lat' dir='ltr'><strong>contortis</strong></span> <span class='ocrx_word' id='word_1_54' title='bbox 1343 1419 1417 1487; x_wconf 88' lang='lat' dir='ltr'><strong>fau-</strong></span> 
     </span>
     <span class='ocr_line' id='line_1_10' title="bbox 361 1507 1415 1628; baseline 0.002 -32"><span class='ocrx_word' id='word_1_55' title='bbox 361 1529 455 1597; x_wconf 87' lang='lat' dir='ltr'><strong>cibus</strong></span> <span class='ocrx_word' id='word_1_56' title='bbox 473 1547 671 1598; x_wconf 87' lang='lat' dir='ltr'><strong>oonvertens</strong></span> <span class='ocrx_word' id='word_1_57' title='bbox 687 1530 722 1594; x_wconf 92' lang='lat' dir='ltr'><strong>in</strong></span> <span class='ocrx_word' id='word_1_58' title='bbox 736 1527 888 1596; x_wconf 90' lang='lat' dir='ltr'><strong>hostem:</strong></span> <span class='ocrx_word' id='word_1_59' title='bbox 907 1528 1092 1626; x_wconf 89' lang='lat' dir='ltr'><strong>etquidem</strong></span> <span class='ocrx_word' id='word_1_60' title='bbox 1109 1529 1196 1597; x_wconf 89' lang='lat' dir='ltr'><strong>adeo</strong></span> <span class='ocrx_word' id='word_1_61' title='bbox 1211 1507 1415 1628; x_wconf 72' lang='lat' dir='ltr'><strong>plerumque</strong></span> 
     </span>
    </p>
   </div>
   <div class='ocr_carea' id='block_1_4' title="bbox 344 1751 1443 4204">
    <p class='ocr_par' dir='ltr' id='par_1_6' title="bbox 355 1751 1414 2379">
     <span class='ocr_line' id='line_1_11' title="bbox 396 1751 1414 1823; baseline 0.003 -20"><span class='ocrx_word' id='word_1_62' title='bbox 396 1772 420 1803; x_wconf 79' lang='lat' dir='ltr'><strong>n.</strong></span> <span class='ocrx_word' id='word_1_63' title='bbox 440 1754 538 1817; x_wconf 79' lang='lat' dir='ltr'><strong>Instar,</strong></span> <span class='ocrx_word' id='word_1_64' title='bbox 559 1751 691 1822; x_wconf 72' lang='lat' dir='ltr'><strong>effigiem,</strong></span> <span class='ocrx_word' id='word_1_65' title='bbox 710 1751 860 1820; x_wconf 76' lang='lat' dir='ltr'><strong>imaginem.</strong></span> <span class='ocrx_word' id='word_1_66' title='bbox 906 1769 992 1822; x_wconf 89' lang='lat' dir='ltr'><strong>eoque</strong></span> <span class='ocrx_word' id='word_1_67' title='bbox 1002 1763 1088 1804; x_wconf 85' lang='lat' dir='ltr'><strong>tectus</strong></span> <span class='ocrx_word' id='word_1_68' title='bbox 1099 1753 1226 1803; x_wconf 90' lang='lat' dir='ltr'><strong>scerrime</strong></span> <span class='ocrx_word' id='word_1_69' title='bbox 1235 1753 1348 1823; x_wconf 74' lang='lat' dir='ltr'><strong>prefiari</strong></span> <span class='ocrx_word' id='word_1_70' title='bbox 1358 1772 1414 1806; x_wconf 76' lang='lat' dir='ltr'><strong>cm·</strong></span> 
     </span>
     <span class='ocr_line' id='line_1_12' title="bbox 359 1827 1414 1904; baseline 0.002 -22"><span class='ocrx_word' id='word_1_71' title='bbox 359 1861 392 1871; x_wconf 83' lang='lat'>-</span> <span class='ocrx_word' id='word_1_72' title='bbox 406 1832 512 1883; x_wconf 79' lang='lat' dir='ltr'><strong>Veneris</strong></span> <span class='ocrx_word' id='word_1_73' title='bbox 527 1829 677 1884; x_wconf 76' lang='lat' dir='ltr'><strong>Genetricis.</strong></span> <span class='ocrx_word' id='word_1_74' title='bbox 688 1827 765 1881; x_wconf 81' lang='lat' dir='ltr'><strong>Edidi</strong></span> <span class='ocrx_word' id='word_1_75' title='bbox 778 1831 860 1882; x_wconf 86' lang='lat' dir='ltr'><strong>Gene·</strong></span> <span class='ocrx_word' id='word_1_76' title='bbox 905 1831 958 1899; x_wconf 88' lang='lat' dir='ltr'><strong>pit:</strong></span> <span class='ocrx_word' id='word_1_77' title='bbox 972 1847 1025 1900; x_wconf 88' lang='lat' dir='ltr'><strong>quo</strong></span> <span class='ocrx_word' id='word_1_78' title='bbox 1036 1831 1108 1882; x_wconf 88' lang='lat' dir='ltr'><strong>facto</strong></span> <span class='ocrx_word' id='word_1_79' title='bbox 1119 1830 1300 1882; x_wconf 78' lang='lat' dir='ltr'><strong>fortitudinem</strong></span> <span class='ocrx_word' id='word_1_80' title='bbox 1312 1851 1361 1904; x_wconf 87' lang='lat' dir='ltr'><strong>per</strong></span> <span class='ocrx_word' id='word_1_81' title='bbox 1370 1846 1414 1884; x_wconf 90' lang='lat' dir='ltr'><strong>to-</strong></span> 
     </span>
     <span class='ocr_line' id='line_1_13' title="bbox 358 1908 1413 1983; baseline 0.004 -21"><span class='ocrx_word' id='word_1_82' title='bbox 358 1913 425 1968; x_wconf 81' lang='lat' dir='ltr'><strong>tn&#39;ct&#39;t</strong></span> <span class='ocrx_word' id='word_1_83' title='bbox 443 1931 493 1983; x_wconf 85' lang='lat' dir='ltr'><strong>pro</strong></span> <span class='ocrx_word' id='word_1_84' title='bbox 514 1911 667 1976; x_wconf 84' lang='lat' dir='ltr'><strong>Genitrieis,</strong></span> <span class='ocrx_word' id='word_1_85' title='bbox 681 1909 859 1962; x_wconf 83' lang='lat' dir='ltr'><strong>Burmannurn</strong></span> <span class='ocrx_word' id='word_1_86' title='bbox 903 1921 960 1960; x_wconf 87' lang='lat' dir='ltr'><strong>tum</strong></span> <span class='ocrx_word' id='word_1_87' title='bbox 972 1910 1115 1962; x_wconf 80' lang='lat' dir='ltr'><strong>exereitum</strong></span> <span class='ocrx_word' id='word_1_88' title='bbox 1127 1908 1249 1975; x_wconf 77' lang='lat' dir='ltr'><strong>diffudit,</strong></span> <span class='ocrx_word' id='word_1_89' title='bbox 1262 1911 1413 1970; x_wconf 76' lang='lat' dir='ltr'><strong>labentem.-</strong></span> 
     </span>
     <span class='ocr_line' id='line_1_14' title="bbox 358 1985 1412 2060; baseline 0.003 -19"><span class='ocrx_word' id='word_1_90' title='bbox 358 2003 464 2041; x_wconf 79' lang='lat' dir='ltr'><strong>secutus</strong></span> <span class='ocrx_word' id='word_1_91' title='bbox 486 2003 512 2040; x_wconf 88' lang='lat' dir='ltr'><strong>et</strong></span> <span class='ocrx_word' id='word_1_92' title='bbox 530 1987 656 2040; x_wconf 87' lang='lat' dir='ltr'><strong>Oudend.</strong></span> <span class='ocrx_word' id='word_1_93' title='bbox 678 1991 722 2060; x_wconf 88' lang='lat' dir='ltr'><strong>qui</strong></span> <span class='ocrx_word' id='word_1_94' title='bbox 741 1988 775 2040; x_wconf 83' lang='lat' dir='ltr'><strong>atl</strong></span> <span class='ocrx_word' id='word_1_95' title='bbox 794 1988 859 2058; x_wconf 80' lang='lat' dir='ltr'><strong>lapi·</strong></span> <span class='ocrx_word' id='word_1_96' title='bbox 905 2005 957 2058; x_wconf 90' lang='lat' dir='ltr'><strong>que</strong></span> <span class='ocrx_word' id='word_1_97' title='bbox 978 1985 1042 2039; x_wconf 82' lang='lat' dir='ltr'><strong>belli</strong></span> <span class='ocrx_word' id='word_1_98' title='bbox 1062 1989 1196 2040; x_wconf 77' lang='lat' dir='ltr'><strong>fortunam</strong></span> <span class='ocrx_word' id='word_1_99' title='bbox 1217 1989 1306 2042; x_wconf 77' lang='lat' dir='ltr'><strong>divino</strong></span> <span class='ocrx_word' id='word_1_100' title='bbox 1328 1994 1412 2044; x_wconf 83' lang='lat' dir='ltr'><strong>animi</strong></span> 
     </span>
     <span class='ocr_line' id='line_1_15' title="bbox 356 2067 1410 2142; baseline 0.004 -22"><span class='ocrx_word' id='word_1_101' title='bbox 356 2069 419 2120; x_wconf 90' lang='lat' dir='ltr'><strong>dum</strong></span> <span class='ocrx_word' id='word_1_102' title='bbox 431 2069 614 2122; x_wconf 79' lang='lat' dir='ltr'><strong>auctoritatem</strong></span> <span class='ocrx_word' id='word_1_103' title='bbox 621 2081 758 2139; x_wconf 82' lang='lat' dir='ltr'><strong>provocat.</strong></span> <span class='ocrx_word' id='word_1_104' title='bbox 766 2067 859 2119; x_wconf 83' lang='lat' dir='ltr'><strong>AEdem</strong></span> <span class='ocrx_word' id='word_1_105' title='bbox 904 2067 998 2119; x_wconf 86' lang='lat' dir='ltr'><strong>ardore</strong></span> <span class='ocrx_word' id='word_1_106' title='bbox 1011 2070 1132 2121; x_wconf 83' lang='lat' dir='ltr'><strong>restituit.</strong></span> <span class='ocrx_word' id='word_1_107' title='bbox 1150 2067 1224 2121; x_wconf 90' lang='lat' dir='ltr'><strong>ldem</strong></span> <span class='ocrx_word' id='word_1_108' title='bbox 1244 2069 1297 2123; x_wconf 83' lang='lat' dir='ltr'><strong>aiio</strong></span> <span class='ocrx_word' id='word_1_109' title='bbox 1314 2072 1410 2142; x_wconf 70' lang='lat' dir='ltr'><strong>prelio</strong></span> 
     </span>
     <span class='ocr_line' id='line_1_16' title="bbox 356 2146 1409 2220; baseline 0.003 -19"><span class='ocrx_word' id='word_1_110' title='bbox 356 2149 425 2202; x_wconf 83' lang='lat' dir='ltr'><strong>hano</strong></span> <span class='ocrx_word' id='word_1_111' title='bbox 438 2151 533 2202; x_wconf 84' lang='lat' dir='ltr'><strong>Veneri</strong></span> <span class='ocrx_word' id='word_1_112' title='bbox 552 2149 681 2202; x_wconf 84' lang='lat' dir='ltr'><strong>Genetrici</strong></span> <span class='ocrx_word' id='word_1_113' title='bbox 693 2146 734 2199; x_wconf 82' lang='lat' dir='ltr'><strong>vel</strong></span> <span class='ocrx_word' id='word_1_114' title='bbox 752 2149 780 2202; x_wconf 89' lang='lat' dir='ltr'><em>V</em></span> <span class='ocrx_word' id='word_1_115' title='bbox 778 2147 860 2200; x_wconf 77' lang='lat' dir='ltr'><strong>istrici</strong></span> <span class='ocrx_word' id='word_1_116' title='bbox 903 2147 1016 2219; x_wconf 67' lang='lat' dir='ltr'><strong>legionis</strong></span> <span class='ocrx_word' id='word_1_117' title='bbox 1037 2149 1139 2202; x_wconf 76' lang='lat' dir='ltr'><strong>Martiae</strong></span> <span class='ocrx_word' id='word_1_118' title='bbox 1157 2151 1343 2220; x_wconf 72' lang='lat' dir='ltr'><strong>aquiliferum,</strong></span> <span class='ocrx_word' id='word_1_119' title='bbox 1365 2155 1409 2204; x_wconf 84' lang='lat' dir='ltr'><strong>in-</strong></span> 
     </span>
     <span class='ocr_line' id='line_1_17' title="bbox 355 2223 1409 2299; baseline 0.004 -20"><span class='ocrx_word' id='word_1_120' title='bbox 355 2242 463 2279; x_wconf 87' lang='lat' dir='ltr'><strong>voverat</strong></span> <span class='ocrx_word' id='word_1_121' title='bbox 471 2241 533 2279; x_wconf 86' lang='lat' dir='ltr'><strong>ante</strong></span> <span class='ocrx_word' id='word_1_122' title='bbox 543 2246 659 2298; x_wconf 74' lang='lat' dir='ltr'><strong>pugnam</strong></span> <span class='ocrx_word' id='word_1_123' title='bbox 669 2223 856 2279; x_wconf 81' lang='lat' dir='ltr'><strong>Pharsalicam.</strong></span> <span class='ocrx_word' id='word_1_124' title='bbox 903 2227 996 2279; x_wconf 72' lang='lat' dir='ltr'><strong>eunden</strong></span> <span class='ocrx_word' id='word_1_125' title='bbox 1005 2227 1072 2299; x_wconf 68' lang='lat' dir='ltr'><strong>fuge</strong></span> <span class='ocrx_word' id='word_1_126' title='bbox 1081 2230 1164 2298; x_wconf 73' lang='lat' dir='ltr'><strong>gratia</strong></span> <span class='ocrx_word' id='word_1_127' title='bbox 1171 2231 1227 2299; x_wconf 79' lang='lat' dir='ltr'><strong>J&#39;am</strong></span> <span class='ocrx_word' id='word_1_128' title='bbox 1235 2249 1409 2299; x_wconf 82' lang='lat' dir='ltr'><strong>conversum,</strong></span> 
     </span>
     <span class='ocr_line' id='line_1_18' title="bbox 355 2303 1409 2379; baseline 0.003 -21"><span class='ocrx_word' id='word_1_129' title='bbox 355 2309 469 2379; x_wconf 81' lang='lat' dir='ltr'><strong>Appian.</strong></span> <span class='ocrx_word' id='word_1_130' title='bbox 482 2305 546 2358; x_wconf 82' lang='lat' dir='ltr'><strong>Bett.</strong></span> <span class='ocrx_word' id='word_1_131' title='bbox 558 2305 614 2357; x_wconf 79' lang='lat' dir='ltr'><strong>Cir.</strong></span> <span class='ocrx_word' id='word_1_132' title='bbox 629 2307 666 2366; x_wconf 82' lang='lat'><strong>11,</strong></span> <span class='ocrx_word' id='word_1_133' title='bbox 681 2305 724 2356; x_wconf 77' lang='lat'><strong>68.</strong></span> <span class='ocrx_word' id='word_1_134' title='bbox 902 2303 1024 2356; x_wconf 80' lang='lat' dir='ltr'><strong>faucibus</strong></span> <span class='ocrx_word' id='word_1_135' title='bbox 1045 2305 1267 2377; x_wconf 82' lang='lat' dir='ltr'><strong>comprehensum</strong></span> <span class='ocrx_word' id='word_1_136' title='bbox 1288 2309 1316 2358; x_wconf 89' lang='lat' dir='ltr'><strong>in</strong></span> <span class='ocrx_word' id='word_1_137' title='bbox 1340 2328 1409 2362; x_wconf 85' lang='lat' dir='ltr'><strong>con-</strong></span> 
     </span>
    </p>

    <p class='ocr_par' dir='ltr' id='par_1_7' title="bbox 344 2383 1443 4204">
     <span class='ocr_line' id='line_1_19' title="bbox 388 2383 1409 2453; baseline 0 -14"><span class='ocrx_word' id='word_1_138' title='bbox 388 2386 468 2440; x_wconf 71' lang='grc' dir='ltr'><strong>[ΧΠ.</strong></span> <span class='ocrx_word' id='word_1_139' title='bbox 488 2402 510 2437; x_wconf 87' lang='lat'><strong>1.</strong></span> <span class='ocrx_word' id='word_1_140' title='bbox 524 2384 684 2436; x_wconf 71' lang='lat' dir='ltr'><strong>inclinatam</strong></span> <span class='ocrx_word' id='word_1_141' title='bbox 696 2385 795 2449; x_wconf 80' lang='lat' dir='ltr'><strong>aciem,</strong></span> <span class='ocrx_word' id='word_1_142' title='bbox 805 2396 855 2444; x_wconf 77' lang='lat' dir='ltr'><strong>etc.</strong></span> <span class='ocrx_word' id='word_1_143' title='bbox 903 2383 1008 2434; x_wconf 79' lang='lat' dir='ltr'><strong>trariam</strong></span> <span class='ocrx_word' id='word_1_144' title='bbox 1016 2393 1117 2453; x_wconf 86' lang='lat' dir='ltr'><strong>partem</strong></span> <span class='ocrx_word' id='word_1_145' title='bbox 1124 2383 1409 2450; x_wconf 80' lang='lat' dir='ltr'><strong>detraxit‚dexteram-</strong></span> 
     </span>
     <span class='ocr_line' id='line_1_20' title="bbox 353 2459 1406 2536; baseline 0.004 -20"><span class='ocrx_word' id='word_1_146' title='bbox 353 2468 391 2516; x_wconf 81' lang='lat' dir='ltr'><strong>fta</strong></span> <span class='ocrx_word' id='word_1_147' title='bbox 406 2467 461 2518; x_wconf 90' lang='lat' dir='ltr'><strong>fere</strong></span> <span class='ocrx_word' id='word_1_148' title='bbox 476 2465 605 2527; x_wconf 74' lang='lat' dir='ltr'><strong>hostum,</strong></span> <span class='ocrx_word' id='word_1_149' title='bbox 622 2461 732 2514; x_wconf 80' lang='lat' dir='ltr'><strong>Oraison</strong></span> <span class='ocrx_word' id='word_1_150' title='bbox 743 2459 858 2531; x_wconf 75' lang='lat' dir='ltr'><strong>fitnehre</strong></span> <span class='ocrx_word' id='word_1_151' title='bbox 902 2479 954 2531; x_wconf 85' lang='lat' dir='ltr'><strong>que</strong></span> <span class='ocrx_word' id='word_1_152' title='bbox 968 2461 1002 2513; x_wconf 79' lang='lat' dir='ltr'><strong>ad</strong></span> <span class='ocrx_word' id='word_1_153' title='bbox 1018 2462 1121 2513; x_wconf 86' lang='lat' dir='ltr'><strong>hostem</strong></span> <span class='ocrx_word' id='word_1_154' title='bbox 1137 2463 1261 2530; x_wconf 82' lang='lat' dir='ltr'><strong>tendens,</strong></span> <span class='ocrx_word' id='word_1_155' title='bbox 1278 2467 1406 2536; x_wconf 71' lang='lat' dir='ltr'><strong>Quonam</strong></span> 
     </span>
     <span class='ocr_line' id='line_1_21' title="bbox 353 2539 1406 2618; baseline 0.001 -21"><span class='ocrx_word' id='word_1_156' title='bbox 353 2539 857 2618; x_wconf 73' lang='lat' dir='ltr'><strong>duprincedeCondf:uAussithtqu’if</strong></span> <span class='ocrx_word' id='word_1_157' title='bbox 902 2551 942 2607; x_wconf 75' lang='lat' dir='ltr'><strong>tu,</strong></span> <span class='ocrx_word' id='word_1_158' title='bbox 963 2542 1063 2611; x_wconf 88' lang='lat' dir='ltr'><strong>inquit,</strong></span> <span class='ocrx_word' id='word_1_159' title='bbox 1083 2541 1155 2593; x_wconf 83' lang='lat' dir='ltr'><strong>abis?</strong></span> <span class='ocrx_word' id='word_1_160' title='bbox 1175 2542 1233 2594; x_wconf 78' lang='lat' dir='ltr'><strong>iilic</strong></span> <span class='ocrx_word' id='word_1_161' title='bbox 1249 2553 1322 2610; x_wconf 81' lang='lat' dir='ltr'><strong>sunt,</strong></span> <span class='ocrx_word' id='word_1_162' title='bbox 1344 2565 1406 2598; x_wconf 80' lang='lat' dir='ltr'><strong>eum</strong></span> 
     </span>
     <span class='ocr_line' id='line_1_22' title="bbox 355 2619 1407 2698; baseline 0.001 -21"><span class='ocrx_word' id='word_1_163' title='bbox 355 2639 422 2678; x_wconf 71' lang='lat' dir='ltr'><strong>aeut</strong></span> <span class='ocrx_word' id='word_1_164' title='bbox 436 2627 513 2697; x_wconf 84' lang='lat' dir='ltr'><strong>porte&#39;</strong></span> <span class='ocrx_word' id='word_1_165' title='bbox 531 2622 565 2674; x_wconf 83' lang='lat' dir='ltr'><strong>de</strong></span> <span class='ocrx_word' id='word_1_166' title='bbox 580 2641 645 2694; x_wconf 67' lang='lat' dir='ltr'><strong>rung</strong></span> <span class='ocrx_word' id='word_1_167' title='bbox 660 2639 692 2674; x_wconf 86' lang='lat' dir='ltr'><strong>en</strong></span> <span class='ocrx_word' id='word_1_168' title='bbox 709 2638 776 2691; x_wconf 74' lang='lat' dir='ltr'><strong>tang</strong></span> <span class='ocrx_word' id='word_1_169' title='bbox 794 2619 857 2672; x_wconf 88' lang='lat' dir='ltr'><strong>l’ar-</strong></span> <span class='ocrx_word' id='word_1_170' title='bbox 900 2621 990 2692; x_wconf 81' lang='lat' dir='ltr'><strong>quihus</strong></span> <span class='ocrx_word' id='word_1_171' title='bbox 999 2621 1160 2672; x_wconf 81' lang='lat' dir='ltr'><strong>dimicamus.</strong></span> <span class='ocrx_word' id='word_1_172' title='bbox 1173 2621 1407 2698; x_wconf 81' lang='lat' dir='ltr'><strong>Etmauibusqui·</strong></span> 
     </span>
     <span class='ocr_line' id='line_1_23' title="bbox 354 2695 1406 2767; baseline 0.007 -17"><span class='ocrx_word' id='word_1_173' title='bbox 354 2729 365 2750; x_wconf 66' lang='lat' dir='ltr'>a</span> <span class='ocrx_word' id='word_1_174' title='bbox 377 2703 443 2755; x_wconf 83' lang='lat' dir='ltr'><strong>deur</strong></span> <span class='ocrx_word' id='word_1_175' title='bbox 457 2701 524 2754; x_wconf 91' lang='lat' dir='ltr'><strong>dont</strong></span> <span class='ocrx_word' id='word_1_176' title='bbox 542 2699 559 2752; x_wconf 90' lang='lat' dir='ltr'><strong>il</strong></span> <span class='ocrx_word' id='word_1_177' title='bbox 575 2703 638 2752; x_wconf 82' lang='lat' dir='ltr'><strong>e&#39;tait</strong></span> <span class='ocrx_word' id='word_1_178' title='bbox 656 2701 758 2764; x_wconf 76' lang='lat' dir='ltr'><strong>anime,</strong></span> <span class='ocrx_word' id='word_1_179' title='bbox 776 2717 812 2750; x_wconf 88' lang='lat' dir='ltr'><strong>on</strong></span> <span class='ocrx_word' id='word_1_180' title='bbox 830 2699 856 2753; x_wconf 88' lang='lat' dir='ltr'><strong>fe</strong></span> <span class='ocrx_word' id='word_1_181' title='bbox 900 2696 961 2750; x_wconf 87' lang='lat' dir='ltr'><strong>dem</strong></span> <span class='ocrx_word' id='word_1_182' title='bbox 979 2716 1063 2750; x_wconf 87' lang='lat' dir='ltr'><strong>unum</strong></span> <span class='ocrx_word' id='word_1_183' title='bbox 1076 2695 1199 2767; x_wconf 86' lang='lat' dir='ltr'><strong>militem,</strong></span> <span class='ocrx_word' id='word_1_184' title='bbox 1217 2701 1406 2757; x_wconf 74' lang='lat' dir='ltr'><strong>adhortatione</strong></span> 
     </span>
     <span class='ocr_line' id='line_1_24' title="bbox 354 2779 1405 2854; baseline 0.003 -20"><span class='ocrx_word' id='word_1_185' title='bbox 354 2787 412 2834; x_wconf 66' lang='lat' dir='ltr'><strong>avit</strong></span> <span class='ocrx_word' id='word_1_186' title='bbox 423 2780 565 2854; x_wconf 83' lang='lat' dir='ltr'><strong>presqu&#39;en</strong></span> <span class='ocrx_word' id='word_1_187' title='bbox 578 2784 662 2832; x_wconf 70' lang='lat' dir='ltr'><strong>meme</strong></span> <span class='ocrx_word' id='word_1_188' title='bbox 677 2793 762 2850; x_wconf 87' lang='lat' dir='ltr'><strong>temps</strong></span> <span class='ocrx_word' id='word_1_189' title='bbox 773 2799 855 2852; x_wconf 81' lang='lat' dir='ltr'><strong>pous—</strong></span> <span class='ocrx_word' id='word_1_190' title='bbox 898 2796 962 2829; x_wconf 86' lang='lat' dir='ltr'><strong>vero</strong></span> <span class='ocrx_word' id='word_1_191' title='bbox 981 2791 1036 2830; x_wconf 84' lang='lat' dir='ltr'><strong>tam</strong></span> <span class='ocrx_word' id='word_1_192' title='bbox 1058 2779 1112 2830; x_wconf 85' lang='lat' dir='ltr'><strong>aeri</strong></span> <span class='ocrx_word' id='word_1_193' title='bbox 1131 2781 1249 2832; x_wconf 87' lang='lat' dir='ltr'><strong>omnium</strong></span> <span class='ocrx_word' id='word_1_194' title='bbox 1267 2782 1405 2852; x_wconf 76' lang='lat' dir='ltr'><strong>legionum</strong></span> 
     </span>
     <span class='ocr_line' id='line_1_25' title="bbox 354 2855 1405 2934; baseline 0 -19"><span class='ocrx_word' id='word_1_195' title='bbox 354 2882 417 2915; x_wconf 68' lang='lat' dir='ltr'><strong>eser</strong></span> <span class='ocrx_word' id='word_1_196' title='bbox 441 2861 508 2913; x_wconf 85' lang='lat' dir='ltr'><strong>l&#39;aile</strong></span> <span class='ocrx_word' id='word_1_197' title='bbox 531 2859 618 2912; x_wconf 87' lang='lat' dir='ltr'><strong>droite</strong></span> <span class='ocrx_word' id='word_1_198' title='bbox 643 2859 689 2912; x_wconf 89' lang='lat' dir='ltr'><strong>des</strong></span> <span class='ocrx_word' id='word_1_199' title='bbox 715 2861 855 2925; x_wconf 77' lang='lat' dir='ltr'><strong>ennemis,</strong></span> <span class='ocrx_word' id='word_1_200' title='bbox 899 2855 1104 2927; x_wconf 79' lang='lat' dir='ltr'><strong>trepidationem</strong></span> <span class='ocrx_word' id='word_1_201' title='bbox 1126 2859 1257 2925; x_wconf 77' lang='lat' dir='ltr'><strong>correxit,</strong></span> <span class='ocrx_word' id='word_1_202' title='bbox 1279 2863 1405 2934; x_wconf 86' lang='lat' dir='ltr'><strong>vincique</strong></span> 
     </span>
     <span class='ocr_line' id='line_1_26' title="bbox 353 2933 1406 3003; baseline -0.004 -11"><span class='ocrx_word' id='word_1_203' title='bbox 353 2966 364 2988; x_wconf 78' lang='grc' dir='ltr'>ι</span> <span class='ocrx_word' id='word_1_204' title='bbox 375 2942 495 2993; x_wconf 89' lang='lat' dir='ltr'><strong>soutenir</strong></span> <span class='ocrx_word' id='word_1_205' title='bbox 512 2938 538 2990; x_wconf 80' lang='lat' dir='ltr'><strong>la</strong></span> <span class='ocrx_word' id='word_1_206' title='bbox 554 2945 629 2990; x_wconf 81' lang='lat' dir='ltr'><strong>notre</strong></span> <span class='ocrx_word' id='word_1_207' title='bbox 647 2936 786 3002; x_wconf 68' lang='lat' dir='ltr'><strong>ebranlee,</strong></span> <span class='ocrx_word' id='word_1_208' title='bbox 801 2937 854 2988; x_wconf 81' lang='lat' dir='ltr'><strong>rol·</strong></span> <span class='ocrx_word' id='word_1_209' title='bbox 898 2946 1005 3003; x_wconf 81' lang='lat' dir='ltr'><strong>paratas</strong></span> <span class='ocrx_word' id='word_1_210' title='bbox 1025 2935 1129 2985; x_wconf 83' lang='lat' dir='ltr'><strong>vincere</strong></span> <span class='ocrx_word' id='word_1_211' title='bbox 1150 2933 1274 2987; x_wconf 72' lang='lat' dir='ltr'><strong>docuit.»</strong></span> <span class='ocrx_word' id='word_1_212' title='bbox 1293 2939 1406 2992; x_wconf 64' lang='lat' dir='ltr'><strong>&amp;saris</strong></span> 
     </span>
     <span class='ocr_line' id='line_1_27' title="bbox 352 3011 1404 3090; baseline -0.001 -26"><span class='ocrx_word' id='word_1_213' title='bbox 352 3043 363 3064; x_wconf 62' lang='lat' dir='ltr'><em>a</em></span> <span class='ocrx_word' id='word_1_214' title='bbox 374 3017 423 3069; x_wconf 88' lang='lat' dir='ltr'><strong>lier</strong></span> <span class='ocrx_word' id='word_1_215' title='bbox 437 3018 462 3068; x_wconf 83' lang='lat' dir='ltr'><strong>le</strong></span> <span class='ocrx_word' id='word_1_216' title='bbox 476 3019 601 3084; x_wconf 72' lang='lat' dir='ltr'><strong>Franqais</strong></span> <span class='ocrx_word' id='word_1_217' title='bbox 620 3015 636 3065; x_wconf 74' lang='grc' dir='ltr'>ὲ</span> <span class='ocrx_word' id='word_1_218' title='bbox 655 3013 726 3065; x_wconf 87' lang='lat' dir='ltr'><strong>demi</strong></span> <span class='ocrx_word' id='word_1_219' title='bbox 739 3015 852 3081; x_wconf 76' lang='lat' dir='ltr'><strong>raineri,</strong></span> <span class='ocrx_word' id='word_1_220' title='bbox 897 3030 1007 3076; x_wconf 84' lang='lat' dir='ltr'><strong>vorem,</strong></span> <span class='ocrx_word' id='word_1_221' title='bbox 1022 3011 1086 3064; x_wconf 77' lang='lat' dir='ltr'><strong>Illic</strong></span> <span class='ocrx_word' id='word_1_222' title='bbox 1096 3025 1168 3080; x_wconf 77' lang='lat' dir='ltr'><strong>sunt,</strong></span> <span class='ocrx_word' id='word_1_223' title='bbox 1184 3033 1243 3067; x_wconf 81' lang='lat' dir='ltr'><strong>cum</strong></span> <span class='ocrx_word' id='word_1_224' title='bbox 1256 3018 1351 3090; x_wconf 79' lang='lat' dir='ltr'><strong>quihus</strong></span> <span class='ocrx_word' id='word_1_225' title='bbox 1360 3021 1404 3072; x_wconf 82' lang='lat' dir='ltr'><strong>di.</strong></span> 
     </span>
     <span class='ocr_line' id='line_1_28' title="bbox 353 3089 1402 3166; baseline 0.007 -22"><span class='ocrx_word' id='word_1_226' title='bbox 353 3110 468 3150; x_wconf 73' lang='lat' dir='ltr'><strong>«mettre</strong></span> <span class='ocrx_word' id='word_1_227' title='bbox 480 3114 513 3146; x_wconf 92' lang='lat' dir='ltr'><strong>en</strong></span> <span class='ocrx_word' id='word_1_228' title='bbox 528 3095 594 3145; x_wconf 89' lang='lat' dir='ltr'><strong>fuite</strong></span> <span class='ocrx_word' id='word_1_229' title='bbox 605 3091 757 3166; x_wconf 78' lang='lat' dir='ltr'><strong>l’Espagno}</strong></span> <span class='ocrx_word' id='word_1_230' title='bbox 771 3093 853 3144; x_wconf 86' lang='lat' dir='ltr'><strong>victo-</strong></span> <span class='ocrx_word' id='word_1_231' title='bbox 897 3089 1037 3154; x_wconf 71' lang='lat' dir='ltr'><strong>minumus,</strong></span> <span class='ocrx_word' id='word_1_232' title='bbox 1056 3093 1173 3144; x_wconf 83' lang='lat' dir='ltr'><strong>imitatus</strong></span> <span class='ocrx_word' id='word_1_233' title='bbox 1191 3106 1231 3145; x_wconf 85' lang='lat' dir='ltr'><strong>est</strong></span> <span class='ocrx_word' id='word_1_234' title='bbox 1246 3097 1402 3166; x_wconf 81' lang='lat' dir='ltr'><strong>Cromweif,</strong></span> 
     </span>
     <span class='ocr_line' id='line_1_29' title="bbox 353 3168 1402 3252; baseline 0.01 -31"><span class='ocrx_word' id='word_1_235' title='bbox 353 3177 462 3240; x_wconf 69' lang='lat' dir='ltr'><strong>nrieux,</strong></span> <span class='ocrx_word' id='word_1_236' title='bbox 476 3185 567 3245; x_wconf 85' lang='lat' dir='ltr'><strong>porter</strong></span> <span class='ocrx_word' id='word_1_237' title='bbox 581 3184 689 3246; x_wconf 79' lang='lat' dir='ltr'><strong>partout</strong></span> <span class='ocrx_word' id='word_1_238' title='bbox 702 3171 727 3222; x_wconf 82' lang='lat' dir='ltr'><strong>ia</strong></span> <span class='ocrx_word' id='word_1_239' title='bbox 740 3187 852 3236; x_wconf 80' lang='lat' dir='ltr'><strong>terreor,</strong></span> <span class='ocrx_word' id='word_1_240' title='bbox 897 3168 992 3242; x_wconf 90' lang='lat' dir='ltr'><strong>dequo</strong></span> <span class='ocrx_word' id='word_1_241' title='bbox 999 3173 1334 3239; x_wconf 74' lang='lat' dir='ltr'><strong>Vohrttne,Dictionnaire</strong></span> <span class='ocrx_word' id='word_1_242' title='bbox 1340 3179 1402 3252; x_wconf 83' lang='lat' dir='ltr'><strong>phi·</strong></span> 
     </span>
     <span class='ocr_line' id='line_1_30' title="bbox 353 3247 1402 3322; baseline 0.005 -19"><span class='ocrx_word' id='word_1_243' title='bbox 353 3251 368 3303; x_wconf 77' lang='grc' dir='ltr'><strong>ι’</strong></span> <span class='ocrx_word' id='word_1_244' title='bbox 374 3269 401 3308; x_wconf 87' lang='lat' dir='ltr'><strong>et</strong></span> <span class='ocrx_word' id='word_1_245' title='bbox 414 3258 527 3307; x_wconf 71' lang='lat' dir='ltr'><strong>etenner</strong></span> <span class='ocrx_word' id='word_1_246' title='bbox 540 3249 573 3304; x_wconf 90' lang='lat' dir='ltr'><strong>de</strong></span> <span class='ocrx_word' id='word_1_247' title='bbox 586 3271 626 3304; x_wconf 82' lang='lat' dir='ltr'><strong>ses</strong></span> <span class='ocrx_word' id='word_1_248' title='bbox 638 3251 745 3322; x_wconf 75' lang='lat' dir='ltr'><strong>regards</strong></span> <span class='ocrx_word' id='word_1_249' title='bbox 758 3255 854 3304; x_wconf 87' lang='lat' dir='ltr'><strong>e&#39;tince·</strong></span> <span class='ocrx_word' id='word_1_250' title='bbox 897 3247 1066 3320; x_wconf 74' lang='lat' dir='ltr'><strong>Iosophiquet</strong></span> <span class='ocrx_word' id='word_1_251' title='bbox 1085 3249 1125 3302; x_wconf 84' lang='grc' dir='ltr'><strong>ιῙΙ</strong></span> <span class='ocrx_word' id='word_1_252' title='bbox 1138 3267 1178 3305; x_wconf 82' lang='lat' dir='ltr'><strong>est</strong></span> <span class='ocrx_word' id='word_1_253' title='bbox 1189 3251 1276 3307; x_wconf 81' lang='lat' dir='ltr'><strong>blesstf</strong></span> <span class='ocrx_word' id='word_1_254' title='bbox 1288 3255 1305 3306; x_wconf 83' lang='lat' dir='ltr'><strong>it</strong></span> <span class='ocrx_word' id='word_1_255' title='bbox 1316 3255 1342 3308; x_wconf 85' lang='lat' dir='ltr'><strong>fa</strong></span> <span class='ocrx_word' id='word_1_256' title='bbox 1355 3258 1402 3312; x_wconf 73' lang='lat' dir='ltr'><strong>ba-</strong></span> 
     </span>
     <span class='ocr_line' id='line_1_31' title="bbox 352 3327 1400 3407; baseline 0.007 -25"><span class='ocrx_word' id='word_1_257' title='bbox 352 3334 433 3386; x_wconf 74' lang='lat' dir='ltr'><strong>«lans</strong></span> <span class='ocrx_word' id='word_1_258' title='bbox 448 3351 513 3384; x_wconf 82' lang='lat' dir='ltr'><strong>ceux</strong></span> <span class='ocrx_word' id='word_1_259' title='bbox 529 3334 576 3402; x_wconf 91' lang='lat' dir='ltr'><strong>qui</strong></span> <span class='ocrx_word' id='word_1_260' title='bbox 592 3329 768 3402; x_wconf 73' lang='lat' dir='ltr'><strong>echappaient</strong></span> <span class='ocrx_word' id='word_1_261' title='bbox 781 3333 796 3397; x_wconf 61' lang='lat' dir='ltr'><strong>h</strong></span> <span class='ocrx_word' id='word_1_262' title='bbox 811 3351 852 3383; x_wconf 84' lang='lat' dir='ltr'><strong>ses</strong></span> <span class='ocrx_word' id='word_1_263' title='bbox 900 3327 991 3380; x_wconf 80' lang='lat' dir='ltr'><strong>«taiiie</strong></span> <span class='ocrx_word' id='word_1_264' title='bbox 1006 3328 1117 3393; x_wconf 75' lang='lat' dir='ltr'><strong>d’Yorlt3</strong></span> <span class='ocrx_word' id='word_1_265' title='bbox 1137 3344 1163 3382; x_wconf 88' lang='lat' dir='ltr'><strong>et</strong></span> <span class='ocrx_word' id='word_1_266' title='bbox 1176 3331 1264 3385; x_wconf 76' lang='lat' dir='ltr'><strong>tandiu</strong></span> <span class='ocrx_word' id='word_1_267' title='bbox 1279 3354 1331 3407; x_wconf 87' lang='lat' dir='ltr'><strong>qne</strong></span> <span class='ocrx_word' id='word_1_268' title='bbox 1345 3335 1400 3389; x_wconf 87' lang='lat' dir='ltr'><strong>l&#39;on</strong></span> 
     </span>
     <span class='ocr_line' id='line_1_32' title="bbox 351 3407 1400 3488; baseline 0.005 -23"><span class='ocrx_word' id='word_1_269' title='bbox 351 3438 362 3460; x_wconf 82' lang='grc' dir='ltr'>ι</span> <span class='ocrx_word' id='word_1_270' title='bbox 372 3431 465 3485; x_wconf 89' lang='lat' dir='ltr'><strong>coups.</strong></span> <span class='ocrx_word' id='word_1_271' title='bbox 478 3436 488 3458; x_wconf 85' lang='grc' dir='ltr'>ι</span> <span class='ocrx_word' id='word_1_272' title='bbox 502 3441 539 3450; x_wconf 91' lang='grc'>-</span> <span class='ocrx_word' id='word_1_273' title='bbox 554 3411 588 3464; x_wconf 86' lang='lat' dir='ltr'><strong>Ut</strong></span> <span class='ocrx_word' id='word_1_274' title='bbox 599 3409 733 3484; x_wconf 78' lang='lat' dir='ltr'><strong>aquilifer,</strong></span> <span class='ocrx_word' id='word_1_275' title='bbox 750 3415 799 3484; x_wconf 78' lang='lat' dir='ltr'><strong>etc&#39;.</strong></span> <span class='ocrx_word' id='word_1_276' title='bbox 822 3425 853 3463; x_wconf 90' lang='lat' dir='ltr'><strong>ut</strong></span> <span class='ocrx_word' id='word_1_277' title='bbox 900 3423 974 3460; x_wconf 71' lang='lat' dir='ltr'><strong>umet</strong></span> <span class='ocrx_word' id='word_1_278' title='bbox 981 3407 1006 3460; x_wconf 88' lang='lat' dir='ltr'><strong>le</strong></span> <span class='ocrx_word' id='word_1_279' title='bbox 1013 3412 1128 3480; x_wconf 84' lang='lat' dir='ltr'><strong>premier</strong></span> <span class='ocrx_word' id='word_1_280' title='bbox 1134 3413 1311 3483; x_wconf 78' lang='lat' dir='ltr'><strong>appareilhta</strong></span> <span class='ocrx_word' id='word_1_281' title='bbox 1318 3417 1400 3488; x_wconf 78' lang='lat' dir='ltr'><strong>pfuie,</strong></span> 
     </span>
     <span class='ocr_line' id='line_1_33' title="bbox 347 3489 1401 3565; baseline -0.004 -20"><span class='ocrx_word' id='word_1_282' title='bbox 347 3493 471 3564; x_wconf 72' lang='lat' dir='ltr'><strong>aquilifer</strong></span> <span class='ocrx_word' id='word_1_283' title='bbox 479 3509 557 3562; x_wconf 88' lang='lat' dir='ltr'><strong>quem</strong></span> <span class='ocrx_word' id='word_1_284' title='bbox 565 3491 710 3560; x_wconf 75' lang='lat' dir='ltr'><strong>fugientem</strong></span> <span class='ocrx_word' id='word_1_285' title='bbox 721 3489 850 3542; x_wconf 82' lang='lat' dir='ltr'><strong>retinebat</strong></span> <span class='ocrx_word' id='word_1_286' title='bbox 898 3512 909 3536; x_wconf 79' lang='grc' dir='ltr'>ι</span> <span class='ocrx_word' id='word_1_287' title='bbox 920 3489 1068 3563; x_wconf 82' lang='lat' dir='ltr'><strong>&#39;tispprend</strong></span> <span class='ocrx_word' id='word_1_288' title='bbox 1080 3510 1131 3562; x_wconf 85' lang='lat' dir='ltr'><strong>que</strong></span> <span class='ocrx_word' id='word_1_289' title='bbox 1142 3511 1192 3545; x_wconf 81' lang='lat' dir='ltr'><strong>son</strong></span> <span class='ocrx_word' id='word_1_290' title='bbox 1201 3495 1310 3565; x_wconf 68' lang='lat' dir='ltr'><strong>general</strong></span> <span class='ocrx_word' id='word_1_291' title='bbox 1321 3500 1401 3551; x_wconf 80' lang='lat' dir='ltr'><strong>Man.</strong></span> 
     </span>
     <span class='ocr_line' id='line_1_34' title="bbox 347 3567 1399 3648; baseline -0.002 -24"><span class='ocrx_word' id='word_1_292' title='bbox 347 3574 443 3637; x_wconf 67' lang='lat' dir='ltr'><strong>Caesar,</strong></span> <span class='ocrx_word' id='word_1_293' title='bbox 453 3571 503 3642; x_wconf 90' lang='lat' dir='ltr'><strong>ipsi</strong></span> <span class='ocrx_word' id='word_1_294' title='bbox 513 3569 610 3620; x_wconf 68' lang='lat' dir='ltr'><strong>Cursori</strong></span> <span class='ocrx_word' id='word_1_295' title='bbox 620 3567 729 3638; x_wconf 87' lang='lat' dir='ltr'><strong>cuspide</strong></span> <span class='ocrx_word' id='word_1_296' title='bbox 741 3569 850 3618; x_wconf 86' lang='lat' dir='ltr'><strong>commi·</strong></span> <span class='ocrx_word' id='word_1_297' title='bbox 898 3569 1023 3624; x_wconf 67' lang='lat' dir='ltr'><strong>:chester</strong></span> <span class='ocrx_word' id='word_1_298' title='bbox 1035 3590 1063 3624; x_wconf 73' lang='lat' dir='ltr'><strong>se</strong></span> <span class='ocrx_word' id='word_1_299' title='bbox 1079 3575 1174 3640; x_wconf 58' lang='lat' dir='ltr'><strong>retii-0,</strong></span> <span class='ocrx_word' id='word_1_300' title='bbox 1192 3589 1219 3628; x_wconf 75' lang='lat' dir='ltr'><strong>et</strong></span> <span class='ocrx_word' id='word_1_301' title='bbox 1236 3593 1291 3648; x_wconf 73' lang='lat' dir='ltr'><strong>que</strong></span> <span class='ocrx_word' id='word_1_302' title='bbox 1308 3577 1333 3630; x_wconf 70' lang='lat' dir='ltr'><strong>la</strong></span> <span class='ocrx_word' id='word_1_303' title='bbox 1348 3578 1399 3631; x_wconf 64' lang='lat' dir='ltr'><strong>bn.</strong></span> 
     </span>
     <span class='ocr_line' id='line_1_35' title="bbox 346 3645 1399 3724; baseline 0.007 -21"><span class='ocrx_word' id='word_1_304' title='bbox 346 3666 425 3718; x_wconf 79' lang='lat' dir='ltr'><strong>natus</strong></span> <span class='ocrx_word' id='word_1_305' title='bbox 440 3652 481 3702; x_wconf 89' lang='lat' dir='ltr'><strong>sit.</strong></span> <span class='ocrx_word' id='word_1_306' title='bbox 498 3649 608 3700; x_wconf 82' lang='lat' dir='ltr'><strong>Factum</strong></span> <span class='ocrx_word' id='word_1_307' title='bbox 622 3646 650 3698; x_wconf 90' lang='lat' dir='ltr'><strong>id</strong></span> <span class='ocrx_word' id='word_1_308' title='bbox 666 3648 694 3697; x_wconf 89' lang='lat' dir='ltr'><strong>in</strong></span> <span class='ocrx_word' id='word_1_309' title='bbox 710 3645 801 3718; x_wconf 69' lang='lat' dir='ltr'><strong>prelio</strong></span> <span class='ocrx_word' id='word_1_310' title='bbox 817 3647 851 3700; x_wconf 86' lang='lat' dir='ltr'><strong>ad</strong></span> <span class='ocrx_word' id='word_1_311' title='bbox 898 3651 990 3704; x_wconf 76' lang='lat' dir='ltr'><strong>ntaiffe</strong></span> <span class='ocrx_word' id='word_1_312' title='bbox 1000 3665 1040 3704; x_wconf 81' lang='lat' dir='ltr'><strong>est</strong></span> <span class='ocrx_word' id='word_1_313' title='bbox 1049 3651 1160 3724; x_wconf 76' lang='lat' dir='ltr'><strong>perduc.</strong></span> <span class='ocrx_word' id='word_1_314' title='bbox 1173 3653 1194 3705; x_wconf 87' lang='lat' dir='ltr'><strong>ll</strong></span> <span class='ocrx_word' id='word_1_315' title='bbox 1206 3671 1283 3708; x_wconf 87' lang='lat' dir='ltr'><strong>court</strong></span> <span class='ocrx_word' id='word_1_316' title='bbox 1294 3659 1309 3708; x_wconf 75' lang='lat' dir='ltr'><strong>it</strong></span> <span class='ocrx_word' id='word_1_317' title='bbox 1320 3659 1399 3710; x_wconf 82' lang='lat' dir='ltr'><strong>Man·</strong></span> 
     </span>
     <span class='ocr_line' id='line_1_36' title="bbox 347 3727 1398 3809; baseline 0.01 -27"><span class='ocrx_word' id='word_1_318' title='bbox 347 3728 540 3804; x_wconf 74' lang='lat' dir='ltr'><strong>Dyrrhachium</strong></span> <span class='ocrx_word' id='word_1_319' title='bbox 549 3751 554 3779; x_wconf 96' lang='lat'>:</span> <span class='ocrx_word' id='word_1_320' title='bbox 564 3727 796 3779; x_wconf 77' lang='lat' dir='ltr'><strong>Plutarchssaesar.</strong></span> <span class='ocrx_word' id='word_1_321' title='bbox 805 3727 848 3798; x_wconf 89' lang='lat'><strong>39.</strong></span> <span class='ocrx_word' id='word_1_322' title='bbox 897 3728 1036 3792; x_wconf 64' lang='lat' dir='ltr'><strong>«chetten</strong></span> <span class='ocrx_word' id='word_1_323' title='bbox 1053 3733 1071 3784; x_wconf 85' lang='lat' dir='ltr'><strong>it</strong></span> <span class='ocrx_word' id='word_1_324' title='bbox 1084 3733 1108 3783; x_wconf 83' lang='lat' dir='ltr'><strong>fe</strong></span> <span class='ocrx_word' id='word_1_325' title='bbox 1120 3747 1213 3786; x_wconf 73' lang='lat' dir='ltr'><strong>uouve</strong></span> <span class='ocrx_word' id='word_1_326' title='bbox 1226 3736 1319 3809; x_wconf 69' lang='lat' dir='ltr'><strong>fuyant</strong></span> <span class='ocrx_word' id='word_1_327' title='bbox 1331 3757 1398 3792; x_wconf 75' lang='lat' dir='ltr'><strong>enee</strong></span> 
     </span>
     <span class='ocr_line' id='line_1_37' title="bbox 346 3803 1399 3887; baseline 0.006 -26"><span class='ocrx_word' id='word_1_328' title='bbox 346 3810 423 3861; x_wconf 88' lang='lat' dir='ltr'><strong>Conf.</strong></span> <span class='ocrx_word' id='word_1_329' title='bbox 442 3805 530 3862; x_wconf 73' lang='lat' dir='ltr'><strong>valer.</strong></span> <span class='ocrx_word' id='word_1_330' title='bbox 549 3803 657 3860; x_wconf 83' lang='lat' dir='ltr'><strong>Maxim.</strong></span> <span class='ocrx_word' id='word_1_331' title='bbox 677 3809 728 3874; x_wconf 88' lang='lat'><strong>111,</strong></span> <span class='ocrx_word' id='word_1_332' title='bbox 747 3825 778 3874; x_wconf 83' lang='lat'><strong>2,</strong></span> <span class='ocrx_word' id='word_1_333' title='bbox 802 3825 847 3876; x_wconf 80' lang='lat'><strong>¹9²</strong></span> <span class='ocrx_word' id='word_1_334' title='bbox 896 3807 1241 3879; x_wconf 57' lang='lat' dir='ltr'><strong>«quelquesofficieruille</strong></span> <span class='ocrx_word' id='word_1_335' title='bbox 1250 3815 1337 3885; x_wconf 83' lang='lat' dir='ltr'><strong>prend</strong></span> <span class='ocrx_word' id='word_1_336' title='bbox 1346 3835 1399 3887; x_wconf 79' lang='lat' dir='ltr'><strong>par</strong></span> 
     </span>
     <span class='ocr_line' id='line_1_38' title="bbox 349 3885 1396 3956; baseline 0.009 -16"><span class='ocrx_word' id='word_1_337' title='bbox 349 3890 457 3956; x_wconf 63' lang='lat' dir='ltr'><strong>*Quum</strong></span> <span class='ocrx_word' id='word_1_338' title='bbox 470 3887 656 3942; x_wconf 84' lang='lat' dir='ltr'><strong>innumerabili</strong></span> <span class='ocrx_word' id='word_1_339' title='bbox 667 3885 848 3951; x_wconf 87' lang='lat' dir='ltr'><strong>multitudine,</strong></span> <span class='ocrx_word' id='word_1_340' title='bbox 895 3909 907 3930; x_wconf 76' lang='grc' dir='ltr'>ι</span> <span class='ocrx_word' id='word_1_341' title='bbox 917 3885 942 3938; x_wconf 90' lang='lat' dir='ltr'><strong>le</strong></span> <span class='ocrx_word' id='word_1_342' title='bbox 956 3887 1031 3955; x_wconf 74' lang='lat' dir='ltr'><strong>inas,</strong></span> <span class='ocrx_word' id='word_1_343' title='bbox 1044 3902 1070 3940; x_wconf 91' lang='lat' dir='ltr'><strong>et</strong></span> <span class='ocrx_word' id='word_1_344' title='bbox 1081 3888 1120 3940; x_wconf 85' lang='lat' dir='ltr'><strong>lui</strong></span> <span class='ocrx_word' id='word_1_345' title='bbox 1133 3890 1172 3942; x_wconf 90' lang='lat' dir='ltr'><strong>dit</strong></span> <span class='ocrx_word' id='word_1_346' title='bbox 1184 3910 1248 3944; x_wconf 82' lang='lat' dir='ltr'><strong>avec</strong></span> <span class='ocrx_word' id='word_1_347' title='bbox 1260 3912 1297 3946; x_wconf 89' lang='lat' dir='ltr'><strong>un</strong></span> <span class='ocrx_word' id='word_1_348' title='bbox 1310 3897 1349 3947; x_wconf 74' lang='lat' dir='ltr'><strong>air</strong></span> <span class='ocrx_word' id='word_1_349' title='bbox 1360 3897 1396 3950; x_wconf 87' lang='lat' dir='ltr'><strong>de</strong></span> 
     </span>
     <span class='ocr_line' id='line_1_39' title="bbox 345 3963 1443 4040; baseline 0.01 -25"><span class='ocrx_word' id='word_1_350' title='bbox 345 3979 371 4016; x_wconf 87' lang='lat' dir='ltr'><strong>et</strong></span> <span class='ocrx_word' id='word_1_351' title='bbox 386 3967 468 4018; x_wconf 73' lang='lat' dir='ltr'><strong>feroci</strong></span> <span class='ocrx_word' id='word_1_352' title='bbox 481 3971 581 4040; x_wconf 86' lang='lat' dir='ltr'><strong>impetu</strong></span> <span class='ocrx_word' id='word_1_353' title='bbox 598 3969 757 4020; x_wconf 86' lang='lat' dir='ltr'><strong>Nerviorum</strong></span> <span class='ocrx_word' id='word_1_354' title='bbox 771 3965 848 4018; x_wconf 89' lang='lat' dir='ltr'><strong>incli-</strong></span> <span class='ocrx_word' id='word_1_355' title='bbox 894 3967 1054 4019; x_wconf 66' lang='lat' dir='ltr'><strong>:confiance</strong></span> <span class='ocrx_word' id='word_1_356' title='bbox 1069 3967 1140 4020; x_wconf 87' lang='lat' dir='ltr'><strong>etde</strong></span> <span class='ocrx_word' id='word_1_357' title='bbox 1156 3971 1304 4039; x_wconf 71' lang='lat' dir='ltr'><strong>grandeur:</strong></span> <span class='ocrx_word' id='word_1_358' title='bbox 1324 3976 1396 4028; x_wconf 80' lang='lat' dir='ltr'><strong>Vottt</strong></span> <span class='ocrx_word' id='word_1_359' title='bbox 1441 3963 1443 3966; x_wconf 31' lang='lat'>⁵</span> 
     </span>
     <span class='ocr_line' id='line_1_40' title="bbox 344 4041 1396 4118; baseline 0.012 -24"><span class='ocrx_word' id='word_1_360' title='bbox 344 4047 402 4096; x_wconf 79' lang='lat' dir='ltr'><strong>nuri</strong></span> <span class='ocrx_word' id='word_1_361' title='bbox 415 4050 497 4098; x_wconf 86' lang='lat' dir='ltr'><strong>aciem</strong></span> <span class='ocrx_word' id='word_1_362' title='bbox 510 4067 582 4100; x_wconf 81' lang='lat' dir='ltr'><strong>suam</strong></span> <span class='ocrx_word' id='word_1_363' title='bbox 597 4045 713 4110; x_wconf 82' lang='lat' dir='ltr'><strong>videret,</strong></span> <span class='ocrx_word' id='word_1_364' title='bbox 728 4041 846 4096; x_wconf 74' lang='lat' dir='ltr'><strong>timidius</strong></span> <span class='ocrx_word' id='word_1_365' title='bbox 894 4070 905 4092; x_wconf 82' lang='grc' dir='ltr'>ι</span> <span class='ocrx_word' id='word_1_366' title='bbox 916 4065 977 4099; x_wconf 76' lang='lat' dir='ltr'><strong>vous</strong></span> <span class='ocrx_word' id='word_1_367' title='bbox 990 4049 1137 4118; x_wconf 68' lang='lat' dir='ltr'><strong>mfprenez,</strong></span> <span class='ocrx_word' id='word_1_368' title='bbox 1158 4050 1270 4116; x_wconf 84' lang='lat' dir='ltr'><strong>miford,·</strong></span> <span class='ocrx_word' id='word_1_369' title='bbox 1286 4072 1315 4106; x_wconf 87' lang='lat' dir='ltr'><strong>ce</strong></span> <span class='ocrx_word' id='word_1_370' title='bbox 1332 4055 1396 4110; x_wconf 76' lang='lat' dir='ltr'><strong>n&#39;ett</strong></span> 
     </span>
     <span class='ocr_line' id='line_1_41' title="bbox 346 4123 1394 4204; baseline 0.011 -30"><span class='ocrx_word' id='word_1_371' title='bbox 346 4126 474 4204; x_wconf 59' lang='lat' dir='ltr'><strong>pugnqnti</strong></span> <span class='ocrx_word' id='word_1_372' title='bbox 496 4127 570 4178; x_wconf 86' lang='lat' dir='ltr'><strong>militi</strong></span> <span class='ocrx_word' id='word_1_373' title='bbox 592 4141 695 4179; x_wconf 86' lang='lat' dir='ltr'><strong>scutum</strong></span> <span class='ocrx_word' id='word_1_374' title='bbox 714 4123 844 4191; x_wconf 81' lang='lat' dir='ltr'><strong>detraxit,</strong></span> <span class='ocrx_word' id='word_1_375' title='bbox 893 4145 960 4197; x_wconf 77' lang='lat' dir='ltr'><strong>«pat</strong></span> <span class='ocrx_word' id='word_1_376' title='bbox 972 4128 1043 4179; x_wconf 81' lang='lat' dir='ltr'><strong>dece</strong></span> <span class='ocrx_word' id='word_1_377' title='bbox 1055 4130 1147 4180; x_wconf 66' lang='lat' dir='ltr'><strong>cote-ci</strong></span> <span class='ocrx_word' id='word_1_378' title='bbox 1162 4149 1214 4200; x_wconf 83' lang='lat' dir='ltr'><strong>qne</strong></span> <span class='ocrx_word' id='word_1_379' title='bbox 1226 4133 1332 4184; x_wconf 77' lang='lat' dir='ltr'><strong>sontles</strong></span> <span class='ocrx_word' id='word_1_380' title='bbox 1345 4154 1394 4186; x_wconf 81' lang='lat' dir='ltr'><strong>en-</strong></span> 
     </span>
    </p>
   </div>
   <div class='ocr_carea' id='block_1_5' title="bbox 0 0 1576 5134">
    <p class='ocr_par' dir='ltr' id='par_1_8' title="bbox 0 0 1576 5134">
     <span class='ocr_line' id='line_1_42' title="bbox 0 0 1576 5134; baseline 0 10"><span class='ocrx_word' id='word_1_381' title='bbox 0 0 1576 5134; x_wconf 95' lang='lat' dir='ltr'><strong> </strong></span> 
     </span>
    </p>
   </div>
  </div>
 </body>
</html>
