2982 5116
376 517 535 584 OCTAV.
562 517 824 584 AUGUSTUS.
1056 524 1120 613 287

132 653 256 715 LXXV.
283 653 398 715 Festos
417 662 451 713 et
470 645 649 713 sollemnes
665 645 735 712 dies
756 645 1021 737 profusissime&
1041 676 1123 720 non·

88 782 256 852 nunquam
268 754 608 849 tantumjoculoriter,
622 749 819 822 celebrabat.
834 758 1079 843 Saturnalibus,
1090 776 1123 828 et

86 869 255 964 siquando
264 867 344 936 altas
354 867 519 947 libuisset
528 863 776 933 modomunera
784 865 967 952 dividebat
980 886 1120 954 vestem,

85 995 118 1044 et
135 1001 272 1061 aurum,
298 995 337 1046 et
355 994 551 1070 argentum:
577 974 677 1070 modo
702 998 858 1044 nummos
882 981 990 1050 omnis
1015 997 1120 1064 uotae,

85 1089 182 1154 etiam
193 1103 321 1154 veteres
330 1090 438 1180 regios
449 1109 488 1153 ac
497 1087 690 1177 peregrinos
705 1111 711 1150 :
726 1084 894 1153 interdum
906 1086 988 1156 nihil
1001 1106 1121 1181 prester

84 1196 187 1265 cilicia
198 1213 231 1266 et
242 1201 415 1290 spongias,
432 1215 465 1264 et
478 1195 646 1280 rutabula,
665 1212 698 1263 et
708 1196 866 1288 forpices,
880 1195 990 1292 *atque
1009 1199 1073 1267 alia
1086 1201 1121 1268 id

83 1327 205 1398 genus,
220 1308 342 1382 titulis,²
359 1308 510 1377 obscuris
528 1326 560 1375 et
578 1308 752 1410 ambiguis.
774 1307 906 1375 Solebat
927 1326 960 1376 et
977 1313 1122 1405 inaequa·

84 1415 303 1486 lissimarum³
318 1443 430 1486 rerum
445 1435 564 1499 sorteS,
580 1435 613 1486 et
626 1442 758 1485 aversas
775 1418 964 1487 tabularum
975 1424 1120 1512 picturas

83 1528 116 1591 in
131 1531 283 1595 convivio
293 1527 478 1610 venditare,
492 1531 685 1622 incertoque
699 1552 777 1596 casu
794 1552 889 1620 spem
899 1534 1121 1598 mercantium

83 1636 133 1702 vel
142 1637 311 1722 frustrari,
321 1637 375 1707 vel
385 1639 533 1732 explere,
544 1641 589 1705 ita
600 1655 637 1706 ut
646 1664 705 1731 per
718 1637 865 1730 singulos
875 1639 977 1706 lectos
987 1637 1120 1709 licitatio

83 1743 192 1829 lieret,
206 1762 239 1813 et
253 1771 312 1814 seu
322 1745 467 1839 jactura,
483 1772 543 1815 seu
555 1746 688 1814 lucrum
703 1749 1031 1816 communicaretur-⁴.

126 1857 273 1920 LXXVl.
299 1856 370 1922 Cibi
383 1861 481 1943 (nam
495 1881 538 1923 ne
553 1854 626 1924 haec
643 1857 779 1946 quidem
795 1861 979 1943 omiserim)
992 1860 1121 1926 minimi

81 1977 166 2046 erat,
181 1977 283 2056 atque
295 1963 440 2056 vulgaris
452 1968 532 2031 fere.
550 1961 785 2032 Secundarium
802 1988 940 2055 panem,
958 1984 991 2034 et
1008 1972 1120 2060 ¹pisci-

81 2149 145 2200 llist.
158 2149 236 2200 Rom.
246 2152 281 2201 vt
289 2150 341 2215 ,4
353 2171 379 2222 p.
393 2150 452 2240 ido.
467 2151 505 2203 OE.
514 2152 580 2202 Tur·
625 2150 844 2221 acceperant,vel
855 2165 960 2218 natura
970 2155 1011 2207 vel
1020 2155 1118 2208 indole

81 2226 141 2278 neb.
154 2225 265 2279 Advers.
278 2229 318 2292 Χ,
332 2245 377 2293 12,
392 2230 579 2310 quitumensi·
622 2223 759 2301 Spouyioe
760 2231 874 2282 enimet
894 2191 1011 2284 rutabula
1025 2234 1053 2285 id
1066 2253 1118 2327 quo

80 2321 198 2375 uslusto
217 2325 298 2359 causo
313 2307 456 2376 absum,
473 2322 577 2378 gratus,
623 2309 1067 2382 virisumusoccultesignificant
1082 2314 1120 2365 ci·

81 2405 133 2437 non
145 2386 208 2437 ab'
191 2374 261 2454 upari
269 2424 277 2453 ‚
289 2386 397 2439 deducit
407 2387 578 2451 vocabulum,
624 2384 1119 2460 liciaetforpicesadfeminasspectsnt.

80 2480 160 2539 atque
169 2461 281 2538 Rupert
293 2467 326 2520 od
336 2467 454 2520 Juvenal.
466 2470 522 2532 XV,
534 2469 578 2529 16,
623 2465 661 2516 De
672 2464 791 2516 rutabulo
807 2483 870 2517 sane
881 2465 909 2516 id
922 2468 1013 2520 Festus
1024 2468 1120 2519 coufir-

79 2560 147 2598 nost.
159 2545 223 2597 edit.
235 2545 293 2597 Vol.
305 2547 342 2610 ll,
353 2565 414 2616 pag⁴
426 2544 486 2598 388.
501 2549 547 2598 Eo.
623 2555 691 2606 mat,
706 2557 732 2594 et
743 2545 907 2615 spouyiarum
922 2563 979 2597 esse
991 2564 1074 2616 genus
1089 2565 1121 2599 ex

112 2625 580 2696 Lxxv.1.1³r0fasisstme,nonnan-
624 2640 676 2693 quo
698 2622 811 2691 penicilli
831 2623 896 2673 fiant
914 2622 986 2693 opud
1009 2623 1121 2678 Plinium

80 2721 157 2773 quam
178 2713 281 2756 tautum
295 2704 460 2770 ioculariteu
478 2703 506 2754 id
524 2718 578 2770 est,
623 2701 746 2774 legimus,
756 2703 821 2754 lzlist.
832 2704 892 2753 Not.
903 2703 953 2770 tx,
966 2703 1008 2768 45.
1021 2706 1060 2756 De
1072 2724 1121 2776 pe·

80 2785 193 2834 maximo
207 2797 311 2850 sumtu,
324 2800 402 2853 quem
411 2797 499 2834 tomen
511 2801 578 2835 non·
622 2780 712 2832 niculo
720 2801 781 2834 vero
789 2795 815 2834 et
825 2782 950 2853 penicillo
959 2782 1023 2834 nihil
1033 2783 1120 2838 dicere

79 2878 217 2932 nunquam
229 2863 255 2912 in
263 2862 394 2930 jocularia
407 2873 507 2911 tantum
518 2879 579 2931 pro-
623 2879 689 2932 opus
700 2874 755 2929 est,
769 2879 855 2933 neque
866 2879 914 2912 cur
925 2861 1012 2914 cilicia
1024 2881 1054 2915 ao
1061 2865 1120 2936 sor·

79 2939 218 2992 fundebat.
233 2940 284 2990 Alii
296 2938 468 3011 repetendum
483 2951 578 3010 putant
620 2942 690 3010 pices
707 2938 740 2990 ad
759 2940 870 2990 feminas
888 2941 1045 2994 referentur.
1070 2996 1073 3006 ,

80 3036 289 3090 nonuunquam,
304 3037 335 3070 ao
347 3020 368 3070 si
383 3017 500 3083 dixisset,
515 3036 579 3069 uou—
659 3020 683 3070 3.
703 3017 968 3090 inaequalissimarum
978 3039 1062 3072 rorum
1072 3039 1121 3074 sor·

79 3114 216 3168 uunquam
237 3097 429 3168 proficuam,
455 3113 596 3146 nonnum-1
624 3108 705 3149 tes.....
719 3098 855 3148 venditare.
879 3097 996 3166 Lusum,
1021 3101 1121 3152 similli-

79 3175 328 3248 quam'jocularitet,
341 3189 449 3228 auctore
461 3175 577 3226 Gronov.
624 3192 694 3224 mum
718 3178 757 3240 ei,
783 3194 862 3247 quem
879 3193 928 3232 nos
948 3175 1036 3230 lotarie
1054 3179 1120 3232 dici-

78 3253 174 3307 adLiv.
185 3257 233 3320 Ul,
243 3253 512 3325 39.ltsprosusissimc
521 3271 579 3323 per·
622 3269 698 3316 mus,
719 3252 831 3322 explicat
855 3254 963 3306 Gesner.
988 3254 1022 3306 ad
1043 3256 1120 3308 Fabri

38 3351 43 3360 ·
79 3333 173 3386 sineret
182 3333 215 3385 ad
223 3335 299 3386 modo
309 3350 415 3384 munera
423 3331 577 3384 dividebat...
621 3329 700 3383 Thes.
716 3331 836 3383 subroc.
849 3351 907 3385 sors.

78 3423 104 3462 et
117 3425 267 3485 argentum,
282 3425 308 3464 et
318 3411 476 3484 joculariter
488 3409 521 3461 sd
535 3429 578 3462 se-
658 3411 683 3476 4.
705 3413 956 3476 Communicaretur,·
965 3417 982 3464 i.
995 3433 1017 3466 e.
1030 3415 1064 3467 ab
1074 3417 1118 3483 iis,

78 3495 205 3561 quentin,
219 3491 292 3564 quod
306 3492 425 3545 Suetonii
437 3490 505 3540 mori
516 3507 578 3542 sune
624 3491 669 3559 qui
680 3489 742 3542 huic
751 3510 846 3543 mensis
858 3491 1039 3558 accubabant,
1051 3493 1119 3546 illins

78 3572 211 3622 convenit.
225 3571 360 3622 -Etiam
378 3582 469 3622 veteres
485 3568 577 3642 κρίθη
622 3585 716 3618 mensu
730 3569 861 3634 convivis,
878 3568 940 3640 quid
956 3570 1063 3640 singulis
1077 3569 1120 3622 vel

78 3665 147 3719 quos
156 3650 269 3702 Romani
280 3666 354 3719 reges
364 3649 537 3718 signaverant.
622 3643 688 3696 lucri
705 3645 746 3696 vel
761 3648 870 3714 jactura
887 3645 1037 3710 accidisset,
1057 3665 1119 3699 nor-

114 3743 138 3778 s.
161 3727 258 3781 Titulis
275 3729 384 3780 obscuris
397 3737 422 3777 et
437 3725 577 3799 ombiyuiu
622 3737 732 3790 rotetur,
749 3723 783 3775 ad
794 3725 849 3794 joci
864 3725 983 3794 risusque
1001 3743 1119 3777 commu·

1 3832 2 3837 =
78 3804 262 3873 lemmatibus,
277 3804 507 3876 inscriptionibus,
522 3821 578 3876 quoe
622 3805 738 3854 nionem.

78 3884 224 3938 obscurum
233 3883 578 3956 ambiguumque,plerum·
657 3881 769 3932 LXXVI.
796 3899 816 3932 r.
838 3881 979 3935 Pisciculos
997 3883 1117 3938 minutos.

79 3979 130 4033 qne
142 3964 299 4016 obscoenum
314 3980 419 4016 sensum
433 3961 577 4028 haberent,
621 3961 659 4010 lta
672 3960 751 4010 ctiam
764 3960 866 4009 Terent.
879 3957 961 4010 Andr.
975 3961 1013 4026 11,
1028 3978 1057 4028 2,
1069 3961 1117 4027 32,

79 4043 150 4095 unde
161 4045 231 4097 risus
243 4047 365 4110 materia,
376 4043 485 4113 promtis
498 4059 529 4093 ex
540 4042 578 4092 in·
622 4048 647 4088 et
659 4036 777 4108 pisciculi
789 4039 865 4108 parui
878 4037 985 4106 Cicero,
1007 4038 1041 4090 de
1057 4041 1117 4092 Nat.

77 4120 578 4192 volucrismuneribus,compnratisque
620 4113 1119 4187 Deor.ll,48.ExemplorumtumGrae·

78 4202 177 4270 titulis,
189 4205 280 4281 sapius
291 4203 368 4256 etiam
377 4219 408 4254 ex
418 4215 524 4266 eorum,
532 4199 578 4270 qui
622 4208 772 4248 corumtum
778 4194 1117 4269 Latinorumdeditcopiam
