3036 5124
495 447 738 513 Treueros
1074 451 1138 542 ³97

96 572 371 667 cognoscentibus
381 571 582 667 plerumque
592 596 628 640 se
638 572 801 642 offerebat
810 575 1142 660 consiliarium,assi·

95 683 260 779 debetque
274 680 415 777 juxtim,
431 680 538 750 velex
557 681 699 752 adverso
714 686 748 751 in
767 701 862 778 parte
880 687 1041 778 primori:
1062 704 1096 755 et
1113 693 1141 758 si

95 819 194 890 quem
213 818 348 862 reorum
361 793 447 861 elabi
462 796 583 885 gratia,
601 817 718 861 rumor
735 809 840 878 esset,
861 794 992 863 subitus
1006 794 1139 884 aderat,

92 903 288 1001 judicesque
306 921 365 972 aut
378 929 397 972 e
410 903 553 997 tplano,
571 919 630 972 eut
649 930 667 973 e
687 908 875 1001 quaesitoris
895 905 1074 991 tribunali,
1092 907 1140 976 le-

95 1041 173 1109 gum
191 1034 224 1083 et
242 1015 452 1108 ⁵religionis,
471 1031 505 1082 et
518 1039 635 1098 noxus,
655 1013 697 1083 de
715 1040 783 1112 qun
802 1035 1062 1114 cognoscerent,
1080 1019 1140 1088 asl-

94 1127 266 1195 monebat:
280 1142 381 1223 atque
393 1129 512 1208 etiem,
526 1128 553 1194 si
566 1149 634 1221 qua
646 1127 681 1193 iri
694 1125 836 1219 publicis
848 1127 1000 1196 moribus
1012 1127 1141 1198 desidis

93 1256 150 1306 aut
161 1238 250 1307 mele
260 1237 505 1306 consuetudine
516 1236 684 1320 labarent,
697 1238 897 1331 corrigenda
908 1243 1068 1333 suscepit.
1121 1224 1134 1271 ¹,

137 1355 286 1419 XXXIV.
311 1350 485 1418 Ludorum
500 1374 540 1418 ac
555 1375 737 1419 munerum
754 1352 942 1444 impensas*
959 1356 1138 1446 corripuit,

93 1461 320 1531 mercedibus¹
332 1465 541 1531 scenicorum
554 1464 685 1546 recisis,
697 1461 903 1560 paribusque
915 1461 1139 1555 gladiatorum

93 1570 134 1639 ed
160 1588 290 1642 certtun
314 1598 496 1642 numerum
520 1571 676 1643 redactis.
704 1573 954 1644 Corinthiorum
980 1599 1139 1644 vasorum

93 1687 198 1776 pretia
209 1687 243 1751 in
257 1687 457 1754 immensum
467 1682 480 1724 ³
492 1688 674 1768 exarsisse,
689 1685 846 1781 tresque⁴
856 1685 981 1754 mullos
992 1707 1056 1755 xxx
1068 1685 1139 1754 mil·

92 1851 193 1906 sitlebet
205 1857 233 1907 irs
245 1869 325 1909 cornu
337 1855 473 1910 tribunalis
483 1856 515 1928 (i.
529 1876 552 1910 s.
564 1858 592 1910 irs
636 1858 723 1909 Tacit.
736 1855 831 1909 Annsl.
844 1859 868 1924 l,
881 1875 925 1928 77,
941 1855 996 1910 «tle
1005 1856 1085 1908 modo
1096 1856 1138 1909 lu·

88 1945 165 2003 parte
179 1934 321 2007 primori),
339 1953 373 1987 ne
386 1937 526 1989 Praetorem
546 1954 593 1988 cu·
635 1933 744 2005 caris(i.
759 1953 782 1986 e.
794 1934 944 1988 mercedum
956 1936 1139 2002 scenicorum)

91 2011 141 2064 ruli
149 2010 307 2084 depelleret,
318 2013 453 2086 multaque
461 2033 492 2066 eo
502 2033 591 2067 coram
636 2025 662 2064 et
683 2011 809 2066 advorsus
831 2012 964 2066 lasciviam
987 2013 1137 2080 lautorum,

91 2089 215 2146 adversus
241 2093 368 2146 ambitum
393 2107 419 2146 et
443 2096 592 2166 potentium
636 2091 718 2142 multe
728 2089 935 2159 decemuirum»
948 2090 993 2146 ubi
1005 2093 1077 2144 conf.
1089 2093 1138 2142 Ex·

90 2187 184 2242 preces
199 2174 360 2225 constitute:
380 2170 428 2224 sed
445 2171 508 2224 dnm
522 2175 592 2224 veri·
636 2190 740 2223 cursum
755 2171 1138 2242 lipsiidemodolucsrisvs·
1253 2187 1256 2200 ·

90 2252 137 2302 teti
149 2251 307 2317 consulitur,
321 2251 426 2304 libertas
438 2270 593 2324 corrumpe·
637 2252 681 2303 riis
695 2250 868 2322 temporibus.
888 2250 1030 2322 Capitolio.
1047 2250 1081 2303 ‹le
1099 2251 1135 2302 Μ.

90 2328 178 2381 betur.
190 2353 203 2378 r
216 2331 294 2383 Gonf.
307 2329 373 2394 Dio,
385 2331 467 2403 LVll,
480 2349 504 2402 7.
517 2331 592 2383 Gete-
636 2331 771 2382 Antonino
779 2334 949 2401 Imperatore,
957 2350 980 2384 c.
994 2347 1034 2396 rt,
1044 2332 1141 2382 «Tem-

89 2427 163 2474 rtun,
186 2412 333 2481 recepimus
352 2429 413 2462 cum
429 2410 550 2464 Oudend.
566 2424 592 2463 et
637 2413 737 2482 pet-avit
758 2413 875 2464 scenicas
899 2411 1073 2477 donationes,
1093 2413 1139 2482 ju-

90 2490 176 2544 Wolf.
180 2492 281 2562 juxtim
295 2491 313 2544 i.
329 2510 352 2543 e.
367 2493 440 2560 juxto
455 2494 592 2564 magistra·
637 2489 719 2556 bens,
733 2503 761 2542 ut
774 2491 869 2563 quinos
880 2508 974 2542 aureos
987 2491 1084 2542 scenici
1094 2507 1139 2542 uc-

89 2581 145 2620 tun
171 2582 375 2641 cognoscentem
397 2567 443 2638 (ot
463 2585 556 2641 posteo
579 2589 593 2623 e
637 2570 768 2640 ciperent;
779 2569 814 2620 ite
829 2580 929 2632 temen,
943 2581 972 2620 ut
984 2568 1072 2620 nullus
1084 2568 1139 2621 edi·

88 2649 230 2719 qsaedtoris
256 2646 420 2718 tribunali),
446 2667 496 2718 pro
521 2647 591 2719 vulg.
638 2645 1102 2719 tordeceureureosegretleretur.s

89 2726 195 2778 mixtim
205 2728 223 2779 i.
236 2743 259 2778 e.
271 2728 340 2778 inter
349 2723 462 2796 judiees.
671 2726 697 2779 3.
717 2727 854 2778 Exarsisse.
869 2726 908 2777 De
923 2725 1075 2792 vocabulis,
1090 2743 1140 2779 en·

124 2804 150 2871 4.
170 2805 196 2856 Ε
206 2803 298 2877 piano.
311 2805 465 2876 Opponitur
476 2805 592 2875 equoesi-
636 2823 713 2858 none
720 2806 873 2877 gravitatem
882 2805 1140 2874 significantibus,et

89 2885 150 2936 toris
163 2886 180 2937 i.
194 2895 219 2937 e.
233 2886 305 2955 ejus,
320 2887 364 2938 coi
375 2885 485 2956 questio
497 2885 537 2936 vel
550 2902 592 2936 or-
637 2883 671 2936 ab
685 2883 809 2936 incendio
820 2882 961 2952 desomtis,
974 2885 1008 2936 cf.
1022 2885 1138 2938 Tumeb.

88 2962 192 3016 (linurin
203 2964 386 3035 competebat,
397 2964 437 3016 vel
450 2963 592 3016 extraordi·
637 2962 745 3015 Advers.
756 2964 846 3028 XXll,
861 2979 919 3034 cup.
933 2963 976 3016 32.
989 2963 1071 3015 Notat
1083 2981 1139 3015 om-

89 3049 165 3097 naeie
185 3044 344 3098 clenrsnrlste
364 3058 436 3111 eret,
458 3045 591 3098 tribunali.
637 3044 701 3094 nino
711 3043 884 3110 exardescere,
896 3061 910 3094 a
920 3044 1099 3114 perroinitio,
1110 3057 1140 3096 ut

89 3125 133 3177 llrt
147 3128 237 3198 igitur,
252 3127 272 3178 E
286 3126 346 3178 loco
360 3145 415 3178 ooo
430 3124 516 3192 edito,
530 3127 547 3180 i.
567 3145 590 3178 e.
637 3119 818 3187 escintille,in
827 3123 1138 3176 maximumescrescerc.

87 3203 286 3277 inter-reliquos
295 3202 409 3276 jndices.
606 3217 610 3230 ⁵
672 3200 696 3268 4.
718 3200 829 3273 Tresque
842 3198 952 3267 mullos,
969 3213 1019 3253 etc.
1036 3201 1140 3257 Multus

124 3285 148 3337 ⁵.
171 3281 324 3355 Religionis,
336 3281 522 3353 jurisjurandi,
538 3301 592 3355 quo
637 3293 677 3334 est
690 3279 787 3352 piscis,
804 3281 850 3352 qui
867 3280 944 3332 barbo
958 3298 1078 3353 quoque,
1090 3283 1137 3335 Gr.

87 3363 210 3435 prestito
233 3361 267 3414 od
284 3361 437 3435 judicialem
460 3359 593 3413 calculum
636 3369 716 3430 τρίγλη
736 3357 847 3425 (licitur,
868 3358 1018 3429 descriptus
1036 3377 1051 3410 a
1069 3359 1136 3412 Plin.

88 3441 263 3495 secedebant.
636 3439 704 3490 llist.
712 3437 834 3504 Neth,
845 3435 948 3510 17(30).
956 3439 1042 3489 Tente
1051 3451 1137 3491 eutem

123 3521 242 3573 XXXIV.
257 3537 279 3572 ι.
291 3518 433 3590 Corripuit,
446 3519 591 3586 contraxit,
635 3517 740 3570 luxurie
755 3509 879 3570 emebant
894 3516 967 3568 hunc
981 3516 1072 3569 cibum
1082 3517 1137 3569 lto-
1160 3539 1162 3544 ’

87 3599 203 3667 minuit,
223 3611 252 3650 ut
272 3598 371 3650 Domit.
394 3595 429 3664 4,
452 3595 590 3668 *singulos
635 3597 723 3662 maci,
737 3609 783 3663 nt,
798 3609 906 3648 anctore
923 3593 1017 3648 eodem
1030 3595 1098 3647 Plio.
1111 3613 1136 3651 c.

85 3674 215 3749 (misem)
222 3695 237 3728 s
244 3678 360 3748 septenis
370 3676 460 3747 spatiis
467 3675 501 3728 etl
511 3677 590 3749 quine
634 3677 777 3744 31,uuum
786 3688 848 3727 octo
859 3673 976 3728 millibus
985 3693 1137 3743 nummum,

86 3758 244 3831 corripuit·
270 3757 309 3807 lus
331 3755 457 3827 corripere
479 3755 590 3829 pradum
634 3753 1137 3827 Ceioprincipe,emerit.lpiclns,aliurn

87 3840 181 3892 lieret.
196 3837 283 3890 Germ.
300 3840 327 3904 1,
338 3837 370 3902 3,
381 3835 434 3902 33,
450 3837 519 3888 siam
535 3853 591 3889 cor·-
635 3833 685 3888 sub
701 3837 761 3906 ipso
776 3833 877 3886 'liberii
895 3836 1005 3904 imperio
1018 3836 1137 3905 quinque

87 3917 171 3988 ripere
188 3915 255 3967 Plin.
274 3917 357 3986 Epist.
376 3916 446 3982 1V,r
463 3928 490 3967 et
508 3914 542 3967 el.
557 3914 591 3967 (le
634 3911 901 3978 millibusOcterins,
912 3910 985 3982 quod
995 3925 1083 3964 narret
1094 3911 1137 3964 Se

87 3997 130 4047 sie
146 3995 259 4060 elicitur,
276 4012 355 4067 quern
369 3992 501 4046 conmisit
512 4007 592 4046 aucte
636 4010 695 4044 neo.
709 3993 757 4064 Ep.
771 3989 849 4058 XCV,
860 4003 889 4042 nt
902 3989 986 4055 edeo,
1001 4001 1055 4042 tres
1067 3989 1137 4042 nul·

86 4075 219 4126 nunnus
230 4073 361 4125 celeritas.
635 4069 676 4123 los
689 4071 792 4142 triginta
806 4067 1049 4136 millibusvenisse,
1063 4069 1137 4122 bruel

123 4170 148 4205 2.
162 4151 321 4206 Mercedibus
330 4152 486 4206 scenicorum
497 4149 589 4205 recisis.
635 4149 790 4206 incredibile
803 4151 845 4204 sit.
857 4151 960 4204 Temen
975 4149 1071 4222 ejicere
1084 4149 1137 4204 boc
