<?xml version="1.0" encoding="UTF-8"?>
<!DOCTYPE html PUBLIC "-//W3C//DTD XHTML 1.0 Transitional//EN"
    "http://www.w3.org/TR/xhtml1/DTD/xhtml1-transitional.dtd">
<html xmlns="http://www.w3.org/1999/xhtml" xml:lang="en" lang="en">
 <head>
  <title>
</title>
<meta http-equiv="Content-Type" content="text/html;charset=utf-8" />
  <meta name='ocr-system' content='tesseract 3.04.00' />
  <meta name='ocr-capabilities' content='ocr_page ocr_carea ocr_par ocr_line ocrx_word'/>
</head>
<body>
  <div class='ocr_page' id='page_1' title='image "./csuetoniitranqu02suetgoog_0026.png"; bbox 0 0 3122 5134; ppageno 0'>
   <div class='ocr_carea' id='block_1_1' title="bbox 304 453 1093 570">
    <p class='ocr_par' dir='ltr' id='par_1_1' title="bbox 304 453 1093 570">
     <span class='ocr_line' id='line_1_1' title="bbox 304 453 1093 570; baseline -0.013 0"><span class='ocrx_word' id='word_1_1' title='bbox 304 519 380 570; x_wconf 70' lang='lat' dir='ltr'><strong>nm</strong></span> <span class='ocrx_word' id='word_1_2' title='bbox 602 504 788 565; x_wconf 81' lang='lat' dir='ltr'><strong>uorrrm</strong></span> <span class='ocrx_word' id='word_1_3' title='bbox 810 501 1054 562; x_wconf 77' lang='lat' dir='ltr'><strong>arruntius</strong></span> <span class='ocrx_word' id='word_1_4' title='bbox 1088 453 1093 460; x_wconf 43' lang='lat'>⁵</span> 
     </span>
    </p>
   </div>
   <div class='ocr_carea' id='block_1_2' title="bbox 303 618 1353 1113">
    <p class='ocr_par' dir='ltr' id='par_1_2' title="bbox 303 618 1353 1113">
     <span class='ocr_line' id='line_1_2' title="bbox 304 618 1351 703; baseline -0.015 -14"><span class='ocrx_word' id='word_1_5' title='bbox 304 627 466 700; x_wconf 86' lang='lat' dir='ltr'><strong>bernium,</strong></span> <span class='ocrx_word' id='word_1_6' title='bbox 491 623 617 703; x_wconf 73' lang='lat' dir='ltr'><strong>Traiani</strong></span> <span class='ocrx_word' id='word_1_7' title='bbox 635 619 806 696; x_wconf 81' lang='lat' dir='ltr'><strong>beneficio,</strong></span> <span class='ocrx_word' id='word_1_8' title='bbox 830 641 928 703; x_wconf 90' lang='lat' dir='ltr'><strong>quum</strong></span> <span class='ocrx_word' id='word_1_9' title='bbox 947 619 1050 689; x_wconf 71' lang='grc' dir='ltr'><strong>ἄτεκνος</strong></span> <span class='ocrx_word' id='word_1_10' title='bbox 1067 632 1164 693; x_wconf 86' lang='lat' dir='ltr'><strong>esset,</strong></span> <span class='ocrx_word' id='word_1_11' title='bbox 1182 619 1233 698; x_wconf 79' lang='lat' dir='ltr'><strong>jus</strong></span> <span class='ocrx_word' id='word_1_12' title='bbox 1252 618 1351 676; x_wconf 90' lang='lat' dir='ltr'><strong>trium</strong></span> 
     </span>
     <span class='ocr_line' id='line_1_3' title="bbox 304 715 1351 805; baseline -0.011 -17"><span class='ocrx_word' id='word_1_13' title='bbox 304 725 475 788; x_wconf 90' lang='lat' dir='ltr'><strong>liberorum</strong></span> <span class='ocrx_word' id='word_1_14' title='bbox 498 736 699 798; x_wconf 85' lang='lat' dir='ltr'><strong>consecutus,</strong></span> <span class='ocrx_word' id='word_1_15' title='bbox 720 723 869 803; x_wconf 75' lang='lat' dir='ltr'><strong>Magister</strong></span> <span class='ocrx_word' id='word_1_16' title='bbox 891 720 1119 805; x_wconf 83' lang='lat' dir='ltr'><strong>Epistularum,</strong></span> <span class='ocrx_word' id='word_1_17' title='bbox 1141 719 1196 781; x_wconf 87' lang='lat' dir='ltr'><strong>sed</strong></span> <span class='ocrx_word' id='word_1_18' title='bbox 1219 715 1259 778; x_wconf 87' lang='lat' dir='ltr'><strong>ab</strong></span> <span class='ocrx_word' id='word_1_19' title='bbox 1282 718 1351 778; x_wconf 88' lang='lat' dir='ltr'><strong>Ha-</strong></span> 
     </span>
     <span class='ocr_line' id='line_1_4' title="bbox 304 819 1353 908; baseline -0.009 -20"><span class='ocrx_word' id='word_1_20' title='bbox 304 829 415 888; x_wconf 87' lang='lat' dir='ltr'><strong>driano</strong></span> <span class='ocrx_word' id='word_1_21' title='bbox 429 839 567 888; x_wconf 88' lang='lat' dir='ltr'><strong>remotus</strong></span> <span class='ocrx_word' id='word_1_22' title='bbox 579 821 619 884; x_wconf 87' lang='lat' dir='ltr'><strong>ab</strong></span> <span class='ocrx_word' id='word_1_23' title='bbox 635 822 689 883; x_wconf 90' lang='lat' dir='ltr'><strong>illa</strong></span> <span class='ocrx_word' id='word_1_24' title='bbox 706 826 883 905; x_wconf 82' lang='lat' dir='ltr'><strong>provincia,</strong></span> <span class='ocrx_word' id='word_1_25' title='bbox 902 823 987 908; x_wconf 88' lang='lat' dir='ltr'><strong>quod</strong></span> <span class='ocrx_word' id='word_1_26' title='bbox 1001 823 1085 906; x_wconf 83' lang='lat' dir='ltr'><strong>apud</strong></span> <span class='ocrx_word' id='word_1_27' title='bbox 1098 819 1261 894; x_wconf 78' lang='lat' dir='ltr'><strong>Sabinam,</strong></span> <span class='ocrx_word' id='word_1_28' title='bbox 1275 839 1353 879; x_wconf 85' lang='lat' dir='ltr'><strong>uxo-</strong></span> 
     </span>
     <span class='ocr_line' id='line_1_5' title="bbox 303 922 1352 1013; baseline -0.014 -19"><span class='ocrx_word' id='word_1_29' title='bbox 303 951 369 994; x_wconf 86' lang='lat' dir='ltr'><strong>rem</strong></span> <span class='ocrx_word' id='word_1_30' title='bbox 383 928 602 1013; x_wconf 83' lang='lat' dir='ltr'><strong>Imperatoris,</strong></span> <span class='ocrx_word' id='word_1_31' title='bbox 617 926 736 1008; x_wconf 88' lang='lat' dir='ltr'><strong>injussu</strong></span> <span class='ocrx_word' id='word_1_32' title='bbox 752 925 835 1008; x_wconf 85' lang='lat' dir='ltr'><strong>ejus,</strong></span> <span class='ocrx_word' id='word_1_33' title='bbox 850 941 886 986; x_wconf 88' lang='lat' dir='ltr'><strong>ut</strong></span> <span class='ocrx_word' id='word_1_34' title='bbox 899 929 943 988; x_wconf 84' lang='lat' dir='ltr'><strong>ait</strong></span> <span class='ocrx_word' id='word_1_35' title='bbox 954 928 1150 1009; x_wconf 77' lang='lat' dir='ltr'><strong>Spartianus,</strong></span> <span class='ocrx_word' id='word_1_36' title='bbox 1166 922 1352 984; x_wconf 78' lang='lat' dir='ltr'><strong>familiarius</strong></span> 
     </span>
     <span class='ocr_line' id='line_1_6' title="bbox 303 1035 504 1113; baseline -0.025 -17"><span class='ocrx_word' id='word_1_37' title='bbox 303 1056 335 1096; x_wconf 84' lang='lat' dir='ltr'><strong>se</strong></span> <span class='ocrx_word' id='word_1_38' title='bbox 350 1035 504 1113; x_wconf 71' lang='lat' dir='ltr'><strong>gessisset.</strong></span> 
     </span>
    </p>
   </div>
   <div class='ocr_carea' id='block_1_3' title="bbox 582 1237 1058 1303">
    <p class='ocr_par' dir='ltr' id='par_1_3' title="bbox 582 1237 1058 1303">
     <span class='ocr_line' id='line_1_7' title="bbox 582 1237 1058 1303; baseline -0.008 0"><span class='ocrx_word' id='word_1_39' title='bbox 582 1237 781 1303; x_wconf 81' lang='lat' dir='ltr'><strong>SCRIPTA</strong></span> <span class='ocrx_word' id='word_1_40' title='bbox 810 1237 1058 1303; x_wconf 87' lang='lat' dir='ltr'><strong>SUETONll.</strong></span> 
     </span>
    </p>
   </div>
   <div class='ocr_carea' id='block_1_4' title="bbox 300 1442 1356 3565">
    <p class='ocr_par' dir='ltr' id='par_1_4' title="bbox 300 1442 1356 3565">
     <span class='ocr_line' id='line_1_8' title="bbox 342 1442 1350 1531; baseline -0.009 -19"><span class='ocrx_word' id='word_1_41' title='bbox 342 1454 388 1512; x_wconf 83' lang='lat' dir='ltr'><strong>Ex</strong></span> <span class='ocrx_word' id='word_1_42' title='bbox 400 1451 524 1531; x_wconf 83' lang='lat' dir='ltr'><strong>scriptis</strong></span> <span class='ocrx_word' id='word_1_43' title='bbox 536 1447 603 1529; x_wconf 83' lang='lat' dir='ltr'><strong>ejus</strong></span> <span class='ocrx_word' id='word_1_44' title='bbox 616 1460 752 1508; x_wconf 85' lang='lat' dir='ltr'><strong>exstant:</strong></span> <span class='ocrx_word' id='word_1_45' title='bbox 772 1454 802 1506; x_wconf 88' lang='lat'><strong>1⁰</strong></span> <span class='ocrx_word' id='word_1_46' title='bbox 818 1448 848 1508; x_wconf 86' lang='lat' dir='ltr'><em>V</em></span> <span class='ocrx_word' id='word_1_47' title='bbox 846 1449 893 1506; x_wconf 76' lang='lat' dir='ltr'><strong>itae</strong></span> <span class='ocrx_word' id='word_1_48' title='bbox 906 1447 969 1505; x_wconf 83' lang='grc' dir='ltr'><strong>ΧΗ</strong></span> <span class='ocrx_word' id='word_1_49' title='bbox 981 1448 1209 1528; x_wconf 78' lang='lat' dir='ltr'><strong>Imperatorum,</strong></span> <span class='ocrx_word' id='word_1_50' title='bbox 1223 1445 1293 1526; x_wconf 91' lang='lat' dir='ltr'><strong>pari</strong></span> <span class='ocrx_word' id='word_1_51' title='bbox 1308 1442 1350 1504; x_wconf 87' lang='lat' dir='ltr'><strong>li·-</strong></span> 
     </span>
     <span class='ocr_line' id='line_1_9' title="bbox 300 1547 1351 1631; baseline -0.01 -16"><span class='ocrx_word' id='word_1_52' title='bbox 300 1553 439 1616; x_wconf 86' lang='lat' dir='ltr'><strong>bertate¹</strong></span> <span class='ocrx_word' id='word_1_53' title='bbox 460 1549 500 1612; x_wconf 85' lang='lat' dir='ltr'><strong>ab</strong></span> <span class='ocrx_word' id='word_1_54' title='bbox 521 1571 558 1612; x_wconf 86' lang='lat' dir='ltr'><strong>eo</strong></span> <span class='ocrx_word' id='word_1_55' title='bbox 576 1550 756 1631; x_wconf 75' lang='lat' dir='ltr'><strong>descripta,</strong></span> <span class='ocrx_word' id='word_1_56' title='bbox 775 1568 811 1609; x_wconf 88' lang='lat' dir='ltr'><strong>ac</strong></span> <span class='ocrx_word' id='word_1_57' title='bbox 832 1549 892 1630; x_wconf 84' lang='lat' dir='ltr'><strong>ipsi</strong></span> <span class='ocrx_word' id='word_1_58' title='bbox 910 1551 1070 1609; x_wconf 80' lang='lat' dir='ltr'><strong>viserunt:</strong></span> <span class='ocrx_word' id='word_1_59' title='bbox 1090 1549 1122 1609; x_wconf 86' lang='lat' dir='ltr'><strong>C.</strong></span> <span class='ocrx_word' id='word_1_60' title='bbox 1140 1547 1215 1609; x_wconf 86' lang='lat' dir='ltr'><strong>Julii</strong></span> <span class='ocrx_word' id='word_1_61' title='bbox 1228 1547 1351 1609; x_wconf 61' lang='lat' dir='ltr'><strong>&amp;saris</strong></span> 
     </span>
     <span class='ocr_line' id='line_1_10' title="bbox 300 1648 1350 1740; baseline -0.01 -24"><span class='ocrx_word' id='word_1_62' title='bbox 300 1659 386 1740; x_wconf 82' lang='lat' dir='ltr'><strong>(quae</strong></span> <span class='ocrx_word' id='word_1_63' title='bbox 402 1656 492 1714; x_wconf 89' lang='lat' dir='ltr'><strong>initio</strong></span> <span class='ocrx_word' id='word_1_64' title='bbox 506 1651 617 1712; x_wconf 84' lang='lat' dir='ltr'><strong>mutila</strong></span> <span class='ocrx_word' id='word_1_65' title='bbox 631 1671 699 1711; x_wconf 85' lang='lat' dir='ltr'><strong>esse</strong></span> <span class='ocrx_word' id='word_1_66' title='bbox 712 1650 835 1712; x_wconf 80' lang='lat' dir='ltr'><strong>videtur</strong></span> <span class='ocrx_word' id='word_1_67' title='bbox 846 1648 1008 1725; x_wconf 84' lang='lat' dir='ltr'><strong>Turneb0‚</strong></span> <span class='ocrx_word' id='word_1_68' title='bbox 1023 1653 1153 1726; x_wconf 84' lang='lat' dir='ltr'><strong>Ursino,</strong></span> <span class='ocrx_word' id='word_1_69' title='bbox 1164 1651 1350 1723; x_wconf 87' lang='lat' dir='ltr'><strong>Torrentio,</strong></span> 
     </span>
     <span class='ocr_line' id='line_1_11' title="bbox 300 1750 1353 1836; baseline -0.008 -16"><span class='ocrx_word' id='word_1_70' title='bbox 300 1762 430 1833; x_wconf 89' lang='lat' dir='ltr'><strong>Pitisco,</strong></span> <span class='ocrx_word' id='word_1_71' title='bbox 443 1770 474 1818; x_wconf 89' lang='lat' dir='ltr'><strong>et</strong></span> <span class='ocrx_word' id='word_1_72' title='bbox 488 1771 560 1816; x_wconf 89' lang='lat' dir='ltr'><strong>ante</strong></span> <span class='ocrx_word' id='word_1_73' title='bbox 575 1754 633 1815; x_wconf 81' lang='lat' dir='ltr'><strong>hos</strong></span> <span class='ocrx_word' id='word_1_74' title='bbox 645 1753 762 1815; x_wconf 78' lang='lat' dir='ltr'><strong>Ludos.</strong></span> <span class='ocrx_word' id='word_1_75' title='bbox 775 1755 862 1828; x_wconf 88' lang='lat' dir='ltr'><strong>Vivi,</strong></span> <span class='ocrx_word' id='word_1_76' title='bbox 877 1756 931 1836; x_wconf 91' lang='lat' dir='ltr'><strong>qui</strong></span> <span class='ocrx_word' id='word_1_77' title='bbox 943 1756 1036 1814; x_wconf 88' lang='lat' dir='ltr'><strong>etiam</strong></span> <span class='ocrx_word' id='word_1_78' title='bbox 1051 1752 1262 1836; x_wconf 84' lang='lat' dir='ltr'><strong>supplementi</strong></span> <span class='ocrx_word' id='word_1_79' title='bbox 1275 1750 1353 1813; x_wconf 79' lang='lat' dir='ltr'><strong>loco</strong></span> 
     </span>
     <span class='ocr_line' id='line_1_12' title="bbox 301 1856 1348 1943; baseline -0.006 -23"><span class='ocrx_word' id='word_1_80' title='bbox 301 1859 443 1943; x_wconf 70' lang='lat' dir='ltr'><strong>quadam</strong></span> <span class='ocrx_word' id='word_1_81' title='bbox 457 1857 496 1917; x_wconf 93' lang='lat' dir='ltr'><strong>de</strong></span> <span class='ocrx_word' id='word_1_82' title='bbox 506 1859 522 1916; x_wconf 87' lang='lat' dir='ltr'>J</span> <span class='ocrx_word' id='word_1_83' title='bbox 526 1856 588 1917; x_wconf 83' lang='lat' dir='ltr'><strong>ulia</strong></span> <span class='ocrx_word' id='word_1_84' title='bbox 600 1869 691 1936; x_wconf 78' lang='lat' dir='ltr'><strong>geute</strong></span> <span class='ocrx_word' id='word_1_85' title='bbox 703 1857 895 1937; x_wconf 78' lang='lat' dir='ltr'><strong>Caesarisque</strong></span> <span class='ocrx_word' id='word_1_86' title='bbox 904 1856 1034 1936; x_wconf 86' lang='lat' dir='ltr'><strong>juventa</strong></span> <span class='ocrx_word' id='word_1_87' title='bbox 1045 1869 1273 1916; x_wconf 89' lang='lat' dir='ltr'><strong>commentatus</strong></span> <span class='ocrx_word' id='word_1_88' title='bbox 1284 1867 1348 1929; x_wconf 86' lang='lat' dir='ltr'><strong>est,</strong></span> 
     </span>
     <span class='ocr_line' id='line_1_13' title="bbox 300 1956 1349 2044; baseline -0.008 -22"><span class='ocrx_word' id='word_1_89' title='bbox 300 1981 370 2044; x_wconf 81' lang='lat' dir='ltr'><strong>quae</strong></span> <span class='ocrx_word' id='word_1_90' title='bbox 381 1971 550 2022; x_wconf 86' lang='lat' dir='ltr'><strong>occurrunt</strong></span> <span class='ocrx_word' id='word_1_91' title='bbox 560 1960 594 2017; x_wconf 90' lang='lat' dir='ltr'><strong>in</strong></span> <span class='ocrx_word' id='word_1_92' title='bbox 606 1956 743 2018; x_wconf 86' lang='lat' dir='ltr'><strong>editione</strong></span> <span class='ocrx_word' id='word_1_93' title='bbox 755 1957 893 2016; x_wconf 88' lang='lat' dir='ltr'><strong>Suetonii</strong></span> <span class='ocrx_word' id='word_1_94' title='bbox 901 1956 1099 2015; x_wconf 86' lang='lat' dir='ltr'><strong>Plautiniana</strong></span> <span class='ocrx_word' id='word_1_95' title='bbox 1108 1977 1179 2017; x_wconf 90' lang='lat' dir='ltr'><strong>cum</strong></span> <span class='ocrx_word' id='word_1_96' title='bbox 1190 1957 1349 2015; x_wconf 89' lang='lat' dir='ltr'><strong>Torrentii</strong></span> 
     </span>
     <span class='ocr_line' id='line_1_14' title="bbox 301 2057 1353 2146; baseline -0.007 -22"><span class='ocrx_word' id='word_1_97' title='bbox 301 2065 383 2124; x_wconf 86' lang='lat' dir='ltr'><strong>notis</strong></span> <span class='ocrx_word' id='word_1_98' title='bbox 405 2059 500 2146; x_wconf 71' lang='lat'><strong>1574,</strong></span> <span class='ocrx_word' id='word_1_99' title='bbox 519 2065 553 2137; x_wconf 89' lang='lat'><strong>8,</strong></span> <span class='ocrx_word' id='word_1_100' title='bbox 573 2075 604 2121; x_wconf 90' lang='lat' dir='ltr'><strong>et</strong></span> <span class='ocrx_word' id='word_1_101' title='bbox 623 2063 656 2119; x_wconf 90' lang='lat' dir='ltr'><strong>in</strong></span> <span class='ocrx_word' id='word_1_102' title='bbox 670 2062 755 2119; x_wconf 84' lang='lat' dir='ltr'><strong>Vivis</strong></span> <span class='ocrx_word' id='word_1_103' title='bbox 770 2057 918 2141; x_wconf 86' lang='lat' dir='ltr'><strong>operibus</strong></span> <span class='ocrx_word' id='word_1_104' title='bbox 938 2073 1013 2120; x_wconf 90' lang='lat' dir='ltr'><strong>tom.</strong></span> <span class='ocrx_word' id='word_1_105' title='bbox 1033 2060 1061 2132; x_wconf 93' lang='lat' dir='ltr'><strong>l,</strong></span> <span class='ocrx_word' id='word_1_106' title='bbox 1082 2079 1154 2141; x_wconf 75' lang='lat' dir='ltr'><strong>pag.</strong></span> <span class='ocrx_word' id='word_1_107' title='bbox 1169 2059 1230 2120; x_wconf 88' lang='lat'><strong>686</strong></span> <span class='ocrx_word' id='word_1_108' title='bbox 1247 2059 1353 2140; x_wconf 80' lang='lat' dir='ltr'><strong>seq.),</strong></span> 
     </span>
     <span class='ocr_line' id='line_1_15' title="bbox 302 2160 1351 2245; baseline -0.007 -18"><span class='ocrx_word' id='word_1_109' title='bbox 302 2167 414 2227; x_wconf 85' lang='lat' dir='ltr'><strong>Octauii</strong></span> <span class='ocrx_word' id='word_1_110' title='bbox 435 2166 554 2226; x_wconf 81' lang='lat' dir='ltr'><strong>Coesoris</strong></span> <span class='ocrx_word' id='word_1_111' title='bbox 576 2163 716 2245; x_wconf 75' lang='lat' dir='ltr'><strong>Anqusti,</strong></span> <span class='ocrx_word' id='word_1_112' title='bbox 741 2160 847 2221; x_wconf 80' lang='lat' dir='ltr'><strong>Tiberii</strong></span> <span class='ocrx_word' id='word_1_113' title='bbox 868 2163 994 2223; x_wconf 78' lang='lat' dir='ltr'><strong>Nemnis</strong></span> <span class='ocrx_word' id='word_1_114' title='bbox 1016 2163 1154 2238; x_wconf 67' lang='lat' dir='ltr'><strong>Cirrata,</strong></span> <span class='ocrx_word' id='word_1_115' title='bbox 1174 2163 1205 2222; x_wconf 86' lang='lat' dir='ltr'><strong>C.</strong></span> <span class='ocrx_word' id='word_1_116' title='bbox 1227 2161 1351 2222; x_wconf 79' lang='lat' dir='ltr'><strong>Coesaris</strong></span> 
     </span>
     <span class='ocr_line' id='line_1_16' title="bbox 302 2263 1350 2352; baseline -0.006 -23"><span class='ocrx_word' id='word_1_117' title='bbox 302 2266 462 2352; x_wconf 75' lang='lat' dir='ltr'><strong>Caliquloe,</strong></span> <span class='ocrx_word' id='word_1_118' title='bbox 482 2265 544 2326; x_wconf 82' lang='lat' dir='ltr'><strong>Tib.</strong></span> <span class='ocrx_word' id='word_1_119' title='bbox 560 2264 677 2326; x_wconf 82' lang='lat' dir='ltr'><strong>Claudii</strong></span> <span class='ocrx_word' id='word_1_120' title='bbox 689 2266 780 2324; x_wconf 82' lang='lat' dir='ltr'><strong>Drusi</strong></span> <span class='ocrx_word' id='word_1_121' title='bbox 793 2263 925 2339; x_wconf 69' lang='lat' dir='ltr'><strong>Caesaris,</strong></span> <span class='ocrx_word' id='word_1_122' title='bbox 940 2267 1066 2326; x_wconf 79' lang='lat' dir='ltr'><strong>Neronis</strong></span> <span class='ocrx_word' id='word_1_123' title='bbox 1080 2263 1196 2324; x_wconf 81' lang='lat' dir='ltr'><strong>Claudii</strong></span> <span class='ocrx_word' id='word_1_124' title='bbox 1211 2264 1350 2337; x_wconf 68' lang='lat' dir='ltr'><strong>Caesaris,</strong></span> 
     </span>
     <span class='ocr_line' id='line_1_17' title="bbox 300 2363 1351 2454; baseline -0.005 -22"><span class='ocrx_word' id='word_1_125' title='bbox 300 2371 395 2454; x_wconf 69' lang='lat' dir='ltr'><strong>Serpit</strong></span> <span class='ocrx_word' id='word_1_126' title='bbox 407 2367 532 2452; x_wconf 77' lang='lat' dir='ltr'><strong>Sulpicii</strong></span> <span class='ocrx_word' id='word_1_127' title='bbox 545 2366 666 2443; x_wconf 81' lang='lat' dir='ltr'><strong>Gatboe,</strong></span> <span class='ocrx_word' id='word_1_128' title='bbox 680 2367 728 2426; x_wconf 82' lang='lat' dir='ltr'><strong>M.</strong></span> <span class='ocrx_word' id='word_1_129' title='bbox 740 2363 835 2427; x_wconf 82' lang='lat' dir='ltr'><strong>Salvii</strong></span> <span class='ocrx_word' id='word_1_130' title='bbox 850 2365 988 2443; x_wconf 76' lang='lat' dir='ltr'><strong>Othonis,</strong></span> <span class='ocrx_word' id='word_1_131' title='bbox 1003 2367 1042 2426; x_wconf 88' lang='lat' dir='ltr'><strong>A.</strong></span> <span class='ocrx_word' id='word_1_132' title='bbox 1059 2364 1187 2443; x_wconf 79' lang='lat' dir='ltr'><strong>Vitellii,</strong></span> <span class='ocrx_word' id='word_1_133' title='bbox 1200 2368 1351 2448; x_wconf 83' lang='lat' dir='ltr'><strong>utriusque</strong></span> 
     </span>
     <span class='ocr_line' id='line_1_18' title="bbox 304 2465 1349 2555; baseline -0.007 -22"><span class='ocrx_word' id='word_1_134' title='bbox 304 2471 489 2555; x_wconf 76' lang='lat' dir='ltr'><strong>Vespasiani,</strong></span> <span class='ocrx_word' id='word_1_135' title='bbox 511 2479 540 2529; x_wconf 86' lang='lat' dir='ltr'><strong>et</strong></span> <span class='ocrx_word' id='word_1_136' title='bbox 562 2470 595 2528; x_wconf 86' lang='grc' dir='ltr'><strong>Τ.</strong></span> <span class='ocrx_word' id='word_1_137' title='bbox 617 2467 712 2528; x_wconf 83' lang='lat' dir='ltr'><strong>Flauii</strong></span> <span class='ocrx_word' id='word_1_138' title='bbox 731 2469 905 2528; x_wconf 87' lang='lat' dir='ltr'><strong>Domitiani.</strong></span> <span class='ocrx_word' id='word_1_139' title='bbox 928 2469 984 2528; x_wconf 81' lang='lat' dir='ltr'><strong>lloe</strong></span> <span class='ocrx_word' id='word_1_140' title='bbox 1007 2471 1078 2528; x_wconf 74' lang='lat' dir='ltr'><strong>vitm</strong></span> <span class='ocrx_word' id='word_1_141' title='bbox 1102 2471 1134 2528; x_wconf 93' lang='lat' dir='ltr'><strong>in</strong></span> <span class='ocrx_word' id='word_1_142' title='bbox 1158 2465 1349 2551; x_wconf 87' lang='lat' dir='ltr'><strong>quibusdam</strong></span> 
     </span>
     <span class='ocr_line' id='line_1_19' title="bbox 301 2570 1349 2654; baseline -0.007 -18"><span class='ocrx_word' id='word_1_143' title='bbox 301 2573 401 2636; x_wconf 82' lang='lat' dir='ltr'><strong>Codd.</strong></span> <span class='ocrx_word' id='word_1_144' title='bbox 416 2589 448 2635; x_wconf 90' lang='lat' dir='ltr'><strong>et</strong></span> <span class='ocrx_word' id='word_1_145' title='bbox 465 2571 566 2634; x_wconf 77' lang='lat' dir='ltr'><strong>Suidae</strong></span> <span class='ocrx_word' id='word_1_146' title='bbox 581 2573 762 2632; x_wconf 85' lang='lat' dir='ltr'><strong>testimonio</strong></span> <span class='ocrx_word' id='word_1_147' title='bbox 779 2573 812 2631; x_wconf 90' lang='lat' dir='ltr'><strong>in</strong></span> <span class='ocrx_word' id='word_1_148' title='bbox 825 2571 913 2632; x_wconf 84' lang='lat' dir='ltr'><strong>Vlll²</strong></span> <span class='ocrx_word' id='word_1_149' title='bbox 930 2570 1028 2632; x_wconf 88' lang='lat' dir='ltr'><strong>libros</strong></span> <span class='ocrx_word' id='word_1_150' title='bbox 1044 2570 1233 2647; x_wconf 89' lang='lat' dir='ltr'><strong>tribuuntur,</strong></span> <span class='ocrx_word' id='word_1_151' title='bbox 1251 2588 1349 2654; x_wconf 88' lang='lat' dir='ltr'><strong>quam</strong></span> 
     </span>
     <span class='ocr_line' id='line_1_20' title="bbox 302 2671 1349 2754; baseline -0.004 -18"><span class='ocrx_word' id='word_1_152' title='bbox 302 2677 488 2736; x_wconf 88' lang='lat' dir='ltr'><strong>senteutiam</strong></span> <span class='ocrx_word' id='word_1_153' title='bbox 507 2675 539 2734; x_wconf 89' lang='lat' dir='ltr'><strong>in</strong></span> <span class='ocrx_word' id='word_1_154' title='bbox 554 2692 610 2733; x_wconf 88' lang='lat' dir='ltr'><strong>sua</strong></span> <span class='ocrx_word' id='word_1_155' title='bbox 624 2671 761 2733; x_wconf 83' lang='lat' dir='ltr'><strong>editione</strong></span> <span class='ocrx_word' id='word_1_156' title='bbox 780 2675 920 2754; x_wconf 85' lang='lat' dir='ltr'><strong>sequitur</strong></span> <span class='ocrx_word' id='word_1_157' title='bbox 937 2674 977 2732; x_wconf 91' lang='lat' dir='ltr'><strong>Is.</strong></span> <span class='ocrx_word' id='word_1_158' title='bbox 997 2671 1216 2734; x_wconf 86' lang='lat' dir='ltr'><strong>Casaubonus:</strong></span> <span class='ocrx_word' id='word_1_159' title='bbox 1232 2691 1349 2754; x_wconf 87' lang='lat' dir='ltr'><strong>nempe</strong></span> 
     </span>
     <span class='ocr_line' id='line_1_21' title="bbox 302 2772 1356 2857; baseline -0.002 -21"><span class='ocrx_word' id='word_1_160' title='bbox 302 2779 360 2854; x_wconf 82' lang='lat' dir='ltr'><strong>ita,</strong></span> <span class='ocrx_word' id='word_1_161' title='bbox 375 2789 410 2837; x_wconf 92' lang='lat' dir='ltr'><strong>ut</strong></span> <span class='ocrx_word' id='word_1_162' title='bbox 424 2777 544 2857; x_wconf 83' lang='lat' dir='ltr'><strong>priores</strong></span> <span class='ocrx_word' id='word_1_163' title='bbox 563 2776 790 2855; x_wconf 82' lang='lat' dir='ltr'><strong>Imperatorum</strong></span> <span class='ocrx_word' id='word_1_164' title='bbox 808 2794 861 2834; x_wconf 71' lang='lat' dir='ltr'><strong>set</strong></span> <span class='ocrx_word' id='word_1_165' title='bbox 878 2776 949 2834; x_wconf 80' lang='lat' dir='ltr'><strong>vitae</strong></span> <span class='ocrx_word' id='word_1_166' title='bbox 967 2774 1105 2855; x_wconf 77' lang='lat' dir='ltr'><strong>singulos</strong></span> <span class='ocrx_word' id='word_1_167' title='bbox 1122 2772 1219 2835; x_wconf 89' lang='lat' dir='ltr'><strong>libros</strong></span> <span class='ocrx_word' id='word_1_168' title='bbox 1235 2775 1356 2835; x_wconf 69' lang='lat' dir='ltr'><strong>consti-r</strong></span> 
     </span>
     <span class='ocr_line' id='line_1_22' title="bbox 304 2873 1350 2960; baseline 0 -22"><span class='ocrx_word' id='word_1_169' title='bbox 304 2891 407 2953; x_wconf 87' lang='lat' dir='ltr'><strong>tuant,</strong></span> <span class='ocrx_word' id='word_1_170' title='bbox 419 2879 489 2937; x_wconf 80' lang='lat' dir='ltr'><strong>vitae</strong></span> <span class='ocrx_word' id='word_1_171' title='bbox 506 2873 629 2950; x_wconf 86' lang='lat' dir='ltr'><strong>Galbae,</strong></span> <span class='ocrx_word' id='word_1_172' title='bbox 644 2875 792 2951; x_wconf 87' lang='lat' dir='ltr'><strong>Othonis,</strong></span> <span class='ocrx_word' id='word_1_173' title='bbox 807 2873 924 2937; x_wconf 89' lang='lat' dir='ltr'><strong>Vitellii</strong></span> <span class='ocrx_word' id='word_1_174' title='bbox 940 2880 1125 2959; x_wconf 88' lang='lat' dir='ltr'><strong>septimum,</strong></span> <span class='ocrx_word' id='word_1_175' title='bbox 1141 2876 1270 2960; x_wconf 73' lang='lat' dir='ltr'><strong>reliquas</strong></span> <span class='ocrx_word' id='word_1_176' title='bbox 1284 2891 1350 2938; x_wconf 84' lang='lat' dir='ltr'><strong>tres</strong></span> 
     </span>
     <span class='ocr_line' id='line_1_23' title="bbox 302 2976 1351 3061; baseline 0 -23"><span class='ocrx_word' id='word_1_177' title='bbox 302 2980 532 3061; x_wconf 84' lang='lat' dir='ltr'><strong>Imperatorum</strong></span> <span class='ocrx_word' id='word_1_178' title='bbox 543 2976 581 3038; x_wconf 88' lang='lat' dir='ltr'><strong>de</strong></span> <span class='ocrx_word' id='word_1_179' title='bbox 596 2992 687 3058; x_wconf 75' lang='lat' dir='ltr'><strong>gente</strong></span> <span class='ocrx_word' id='word_1_180' title='bbox 699 2977 804 3038; x_wconf 88' lang='lat' dir='ltr'><strong>Flavia</strong></span> <span class='ocrx_word' id='word_1_181' title='bbox 815 2991 970 3038; x_wconf 67' lang='lat' dir='ltr'><strong>oemvum</strong></span> <span class='ocrx_word' id='word_1_182' title='bbox 986 2981 1025 3038; x_wconf 83' lang='lat' dir='ltr'><strong>At</strong></span> <span class='ocrx_word' id='word_1_183' title='bbox 1034 2978 1116 3052; x_wconf 86' lang='lat' dir='ltr'><strong>aliis,</strong></span> <span class='ocrx_word' id='word_1_184' title='bbox 1133 2992 1168 3039; x_wconf 88' lang='lat' dir='ltr'><strong>ut</strong></span> <span class='ocrx_word' id='word_1_185' title='bbox 1179 2979 1224 3040; x_wconf 91' lang='lat' dir='ltr'><strong>M.-</strong></span> <span class='ocrx_word' id='word_1_186' title='bbox 1237 2981 1351 3039; x_wconf 85' lang='lat' dir='ltr'><strong>Zuerin</strong></span> 
     </span>
     <span class='ocr_line' id='line_1_24' title="bbox 303 3079 1349 3163; baseline 0.001 -23"><span class='ocrx_word' id='word_1_187' title='bbox 303 3079 480 3141; x_wconf 85' lang='lat' dir='ltr'><strong>Boxhornio</strong></span> <span class='ocrx_word' id='word_1_188' title='bbox 495 3095 525 3142; x_wconf 91' lang='lat' dir='ltr'><strong>et</strong></span> <span class='ocrx_word' id='word_1_189' title='bbox 539 3081 669 3156; x_wconf 89' lang='lat' dir='ltr'><strong>Pitisco,</strong></span> <span class='ocrx_word' id='word_1_190' title='bbox 682 3082 736 3162; x_wconf 91' lang='lat' dir='ltr'><strong>qui</strong></span> <span class='ocrx_word' id='word_1_191' title='bbox 749 3100 915 3140; x_wconf 89' lang='lat' dir='ltr'><strong>numerum</strong></span> <span class='ocrx_word' id='word_1_192' title='bbox 927 3079 1027 3140; x_wconf 82' lang='lat' dir='ltr'><strong>Sutdae</strong></span> <span class='ocrx_word' id='word_1_193' title='bbox 1039 3095 1225 3163; x_wconf 87' lang='lat' dir='ltr'><strong>corruptum</strong></span> <span class='ocrx_word' id='word_1_194' title='bbox 1239 3093 1349 3163; x_wconf 89' lang='lat' dir='ltr'><strong>putat,</strong></span> 
     </span>
     <span class='ocr_line' id='line_1_25' title="bbox 303 3180 1355 3266; baseline 0 -24"><span class='ocrx_word' id='word_1_195' title='bbox 303 3181 433 3264; x_wconf 72' lang='lat' dir='ltr'><strong>singulte</strong></span> <span class='ocrx_word' id='word_1_196' title='bbox 444 3185 515 3243; x_wconf 74' lang='lat' dir='ltr'><strong>vitta</strong></span> <span class='ocrx_word' id='word_1_197' title='bbox 530 3182 669 3263; x_wconf 75' lang='lat' dir='ltr'><strong>singulos</strong></span> <span class='ocrx_word' id='word_1_198' title='bbox 681 3180 779 3243; x_wconf 90' lang='lat' dir='ltr'><strong>libros</strong></span> <span class='ocrx_word' id='word_1_199' title='bbox 791 3180 972 3258; x_wconf 81' lang='lat' dir='ltr'><strong>absolvunt,</strong></span> <span class='ocrx_word' id='word_1_200' title='bbox 988 3180 1101 3266; x_wconf 91' lang='lat' dir='ltr'><strong>quibus</strong></span> <span class='ocrx_word' id='word_1_201' title='bbox 1114 3186 1205 3264; x_wconf 82' lang='lat' dir='ltr'><strong>praeit</strong></span> <span class='ocrx_word' id='word_1_202' title='bbox 1215 3183 1355 3242; x_wconf 82' lang='lat' dir='ltr'><strong>Vincen-</strong></span> 
     </span>
     <span class='ocr_line' id='line_1_26' title="bbox 303 3284 1349 3368; baseline 0.002 -24"><span class='ocrx_word' id='word_1_203' title='bbox 303 3287 365 3345; x_wconf 84' lang='lat' dir='ltr'><strong>tius</strong></span> <span class='ocrx_word' id='word_1_204' title='bbox 379 3284 605 3346; x_wconf 83' lang='lat' dir='ltr'><strong>Bellovacensis</strong></span> <span class='ocrx_word' id='word_1_205' title='bbox 620 3287 652 3344; x_wconf 91' lang='lat' dir='ltr'><strong>in</strong></span> <span class='ocrx_word' id='word_1_206' title='bbox 674 3285 804 3366; x_wconf 89' lang='lat' dir='ltr'><strong>Speculo</strong></span> <span class='ocrx_word' id='word_1_207' title='bbox 823 3285 998 3361; x_wconf 86' lang='lat' dir='ltr'><strong>Historiali,</strong></span> <span class='ocrx_word' id='word_1_208' title='bbox 1020 3287 1074 3368; x_wconf 88' lang='lat' dir='ltr'><strong>qui</strong></span> <span class='ocrx_word' id='word_1_209' title='bbox 1092 3285 1258 3348; x_wconf 88' lang='lat' dir='ltr'><strong>duodecim</strong></span> <span class='ocrx_word' id='word_1_210' title='bbox 1273 3287 1349 3346; x_wconf 84' lang='lat' dir='ltr'><strong>Sue·</strong></span> 
     </span>
     <span class='ocr_line' id='line_1_27' title="bbox 303 3385 1350 3469; baseline 0.001 -24"><span class='ocrx_word' id='word_1_211' title='bbox 303 3388 382 3446; x_wconf 84' lang='lat' dir='ltr'><strong>tonii</strong></span> <span class='ocrx_word' id='word_1_212' title='bbox 398 3385 495 3448; x_wconf 88' lang='lat' dir='ltr'><strong>libros</strong></span> <span class='ocrx_word' id='word_1_213' title='bbox 510 3385 625 3446; x_wconf 87' lang='lat' dir='ltr'><strong>laudat.</strong></span> <span class='ocrx_word' id='word_1_214' title='bbox 641 3388 712 3448; x_wconf 91' lang='lat' dir='ltr'><strong>Non</strong></span> <span class='ocrx_word' id='word_1_215' title='bbox 727 3401 917 3469; x_wconf 72' lang='lat' dir='ltr'><strong>praepostere</strong></span> <span class='ocrx_word' id='word_1_216' title='bbox 930 3407 979 3448; x_wconf 87' lang='lat' dir='ltr'><strong>res</strong></span> <span class='ocrx_word' id='word_1_217' title='bbox 993 3406 1137 3462; x_wconf 88' lang='lat' dir='ltr'><strong>narrare,</strong></span> <span class='ocrx_word' id='word_1_218' title='bbox 1152 3387 1207 3448; x_wconf 87' lang='lat' dir='ltr'><strong>sed</strong></span> <span class='ocrx_word' id='word_1_219' title='bbox 1224 3402 1350 3468; x_wconf 84' lang='lat' dir='ltr'><strong>tempo·</strong></span> 
     </span>
     <span class='ocr_line' id='line_1_28' title="bbox 303 3486 1353 3565; baseline 0 -16"><span class='ocrx_word' id='word_1_220' title='bbox 303 3510 372 3549; x_wconf 83' lang='lat' dir='ltr'><strong>rum</strong></span> <span class='ocrx_word' id='word_1_221' title='bbox 380 3486 515 3550; x_wconf 83' lang='lat' dir='ltr'><strong>libenter</strong></span> <span class='ocrx_word' id='word_1_222' title='bbox 524 3486 689 3550; x_wconf 82' lang='lat' dir='ltr'><strong>observare</strong></span> <span class='ocrx_word' id='word_1_223' title='bbox 699 3488 852 3565; x_wconf 90' lang='lat' dir='ltr'><strong>ordinem,</strong></span> <span class='ocrx_word' id='word_1_224' title='bbox 862 3489 998 3550; x_wconf 89' lang='lat' dir='ltr'><strong>ostendit</strong></span> <span class='ocrx_word' id='word_1_225' title='bbox 1008 3489 1183 3550; x_wconf 87' lang='lat' dir='ltr'><strong>Cardinalis</strong></span> <span class='ocrx_word' id='word_1_226' title='bbox 1195 3491 1353 3565; x_wconf 74' lang='lat' dir='ltr'><strong>Norisius,</strong></span> 
     </span>
    </p>
   </div>
   <div class='ocr_carea' id='block_1_5' title="bbox 301 3696 1353 4258">
    <p class='ocr_par' dir='ltr' id='par_1_5' title="bbox 301 3696 1353 4044">
     <span class='ocr_line' id='line_1_29' title="bbox 335 3696 1349 3763; baseline -0.003 -17"><span class='ocrx_word' id='word_1_227' title='bbox 335 3709 340 3730; x_wconf 75' lang='lat'>²</span> <span class='ocrx_word' id='word_1_228' title='bbox 359 3701 425 3748; x_wconf 85' lang='lat' dir='ltr'><strong>Hanc</strong></span> <span class='ocrx_word' id='word_1_229' title='bbox 436 3714 450 3744; x_wconf 90' lang='lat' dir='ltr'><strong>a</strong></span> <span class='ocrx_word' id='word_1_230' title='bbox 463 3696 612 3744; x_wconf 83' lang='lat' dir='ltr'><strong>Tilletuoutio</strong></span> <span class='ocrx_word' id='word_1_231' title='bbox 625 3697 650 3743; x_wconf 89' lang='lat' dir='ltr'><strong>iu</strong></span> <span class='ocrx_word' id='word_1_232' title='bbox 662 3698 748 3746; x_wconf 83' lang='lat' dir='ltr'><strong>ilistor.</strong></span> <span class='ocrx_word' id='word_1_233' title='bbox 760 3700 929 3762; x_wconf 80' lang='lat' dir='ltr'><strong>Imperatorum</strong></span> <span class='ocrx_word' id='word_1_234' title='bbox 942 3713 965 3746; x_wconf 82' lang='lat' dir='ltr'><strong>et</strong></span> <span class='ocrx_word' id='word_1_235' title='bbox 976 3698 1026 3745; x_wconf 87' lang='lat' dir='ltr'><strong>aliis</strong></span> <span class='ocrx_word' id='word_1_236' title='bbox 1035 3699 1173 3762; x_wconf 86' lang='lat' dir='ltr'><strong>quibusdam</strong></span> <span class='ocrx_word' id='word_1_237' title='bbox 1184 3698 1349 3763; x_wconf 80' lang='lat' dir='ltr'><strong>reprehensam</strong></span> 
     </span>
     <span class='ocr_line' id='line_1_30' title="bbox 302 3767 1353 3832; baseline 0 -16"><span class='ocrx_word' id='word_1_238' title='bbox 302 3785 365 3818; x_wconf 83' lang='lat' dir='ltr'><strong>rsrte</strong></span> <span class='ocrx_word' id='word_1_239' title='bbox 378 3781 457 3816; x_wconf 84' lang='lat' dir='ltr'><strong>tuetur</strong></span> <span class='ocrx_word' id='word_1_240' title='bbox 473 3767 554 3814; x_wconf 68' lang='lat' dir='ltr'><strong>uerius</strong></span> <span class='ocrx_word' id='word_1_241' title='bbox 564 3768 588 3812; x_wconf 92' lang='lat' dir='ltr'><strong>in</strong></span> <span class='ocrx_word' id='word_1_242' title='bbox 597 3769 737 3816; x_wconf 67' lang='lat' dir='ltr'><strong>hriustri.</strong></span> <span class='ocrx_word' id='word_1_243' title='bbox 747 3770 863 3817; x_wconf 81' lang='lat' dir='ltr'><strong>secunda:</strong></span> <span class='ocrx_word' id='word_1_244' title='bbox 876 3771 915 3817; x_wconf 90' lang='lat' dir='ltr'><strong>uhi</strong></span> <span class='ocrx_word' id='word_1_245' title='bbox 927 3772 997 3816; x_wconf 85' lang='lat' dir='ltr'><strong>etiam</strong></span> <span class='ocrx_word' id='word_1_246' title='bbox 1007 3770 1121 3829; x_wconf 80' lang='lat' dir='ltr'><strong>observat,</strong></span> <span class='ocrx_word' id='word_1_247' title='bbox 1134 3769 1299 3832; x_wconf 70' lang='lat' dir='ltr'><strong>Chronolopiei</strong></span> <span class='ocrx_word' id='word_1_248' title='bbox 1308 3786 1353 3816; x_wconf 68' lang='lat' dir='ltr'><strong>ore</strong></span> 
     </span>
     <span class='ocr_line' id='line_1_31' title="bbox 302 3840 1351 3905; baseline -0.002 -19"><span class='ocrx_word' id='word_1_249' title='bbox 302 3840 362 3888; x_wconf 88' lang='lat' dir='ltr'><strong>diuis</strong></span> <span class='ocrx_word' id='word_1_250' title='bbox 374 3855 480 3888; x_wconf 83' lang='lat' dir='ltr'><strong>securum</strong></span> <span class='ocrx_word' id='word_1_251' title='bbox 493 3841 629 3886; x_wconf 81' lang='lat' dir='ltr'><strong>Suetonium</strong></span> <span class='ocrx_word' id='word_1_252' title='bbox 642 3841 700 3885; x_wconf 84' lang='lat' dir='ltr'><strong>ritas</strong></span> <span class='ocrx_word' id='word_1_253' title='bbox 711 3857 754 3902; x_wconf 84' lang='lat' dir='ltr'><strong>per</strong></span> <span class='ocrx_word' id='word_1_254' title='bbox 766 3857 844 3887; x_wconf 87' lang='lat' dir='ltr'><strong>rerum</strong></span> <span class='ocrx_word' id='word_1_255' title='bbox 857 3844 934 3905; x_wconf 80' lang='lat' dir='ltr'><strong>capita</strong></span> <span class='ocrx_word' id='word_1_256' title='bbox 944 3842 1067 3888; x_wconf 79' lang='lat' dir='ltr'><strong>maximam</strong></span> <span class='ocrx_word' id='word_1_257' title='bbox 1078 3855 1165 3903; x_wconf 86' lang='lat' dir='ltr'><strong>partem</strong></span> <span class='ocrx_word' id='word_1_258' title='bbox 1178 3841 1312 3904; x_wconf 72' lang='lat' dir='ltr'><strong>digessisse,</strong></span> <span class='ocrx_word' id='word_1_259' title='bbox 1326 3851 1351 3885; x_wconf 83' lang='lat' dir='ltr'><strong>et</strong></span> 
     </span>
     <span class='ocr_line' id='line_1_32' title="bbox 301 3910 1353 3974; baseline 0.003 -20"><span class='ocrx_word' id='word_1_260' title='bbox 301 3911 474 3972; x_wconf 62' lang='lat' dir='ltr'><strong>diligentissime</strong></span> <span class='ocrx_word' id='word_1_261' title='bbox 487 3922 623 3967; x_wconf 82' lang='lat' dir='ltr'><strong>annotasse,</strong></span> <span class='ocrx_word' id='word_1_262' title='bbox 640 3925 691 3972; x_wconf 78' lang='lat' dir='ltr'><strong>quse</strong></span> <span class='ocrx_word' id='word_1_263' title='bbox 703 3911 732 3957; x_wconf 91' lang='lat' dir='ltr'><strong>ad</strong></span> <span class='ocrx_word' id='word_1_264' title='bbox 743 3914 826 3966; x_wconf 77' lang='lat' dir='ltr'><strong>vitam,</strong></span> <span class='ocrx_word' id='word_1_265' title='bbox 843 3925 933 3967; x_wconf 87' lang='lat' dir='ltr'><strong>mores,</strong></span> <span class='ocrx_word' id='word_1_266' title='bbox 950 3910 1053 3958; x_wconf 87' lang='lat' dir='ltr'><strong>indolem</strong></span> <span class='ocrx_word' id='word_1_267' title='bbox 1067 3925 1089 3957; x_wconf 85' lang='lat' dir='ltr'><strong>ot</strong></span> <span class='ocrx_word' id='word_1_268' title='bbox 1103 3913 1220 3974; x_wconf 74' lang='lat' dir='ltr'><strong>ingenium</strong></span> <span class='ocrx_word' id='word_1_269' title='bbox 1234 3911 1353 3974; x_wconf 83' lang='lat' dir='ltr'><strong>cujusque·</strong></span> 
     </span>
     <span class='ocr_line' id='line_1_33' title="bbox 302 3981 710 4044; baseline 0 -16"><span class='ocrx_word' id='word_1_270' title='bbox 302 3983 448 4044; x_wconf 82' lang='lat' dir='ltr'><strong>imperatoris</strong></span> <span class='ocrx_word' id='word_1_271' title='bbox 456 3993 560 4044; x_wconf 72' lang='lat' dir='ltr'><strong>spectare</strong></span> <span class='ocrx_word' id='word_1_272' title='bbox 570 3981 710 4028; x_wconf 78' lang='lat' dir='ltr'><strong>observavit.</strong></span> 
     </span>
    </p>

    <p class='ocr_par' dir='ltr' id='par_1_6' title="bbox 302 4052 1352 4258">
     <span class='ocr_line' id='line_1_34' title="bbox 334 4052 1352 4116; baseline 0.002 -18"><span class='ocrx_word' id='word_1_273' title='bbox 334 4059 342 4082; x_wconf 89' lang='lat'>²</span> <span class='ocrx_word' id='word_1_274' title='bbox 357 4055 435 4116; x_wconf 85' lang='lat' dir='ltr'><strong>Lupus</strong></span> <span class='ocrx_word' id='word_1_275' title='bbox 443 4054 604 4110; x_wconf 83' lang='lat' dir='ltr'><strong>Ferrarisnsis,</strong></span> <span class='ocrx_word' id='word_1_276' title='bbox 615 4054 685 4116; x_wconf 78' lang='lat' dir='ltr'><strong>Epist.</strong></span> <span class='ocrx_word' id='word_1_277' title='bbox 696 4069 735 4115; x_wconf 75' lang='lat'><strong>91,</strong></span> <span class='ocrx_word' id='word_1_278' title='bbox 745 4056 879 4101; x_wconf 79' lang='lat' dir='ltr'><strong>Suetonium</strong></span> <span class='ocrx_word' id='word_1_279' title='bbox 890 4053 971 4100; x_wconf 81' lang='lat' dir='ltr'><strong>desita</strong></span> <span class='ocrx_word' id='word_1_280' title='bbox 977 4056 1093 4101; x_wconf 66' lang='lat' dir='ltr'><strong>Caesarum</strong></span> <span class='ocrx_word' id='word_1_281' title='bbox 1101 4055 1125 4100; x_wconf 89' lang='lat' dir='ltr'><strong>in</strong></span> <span class='ocrx_word' id='word_1_282' title='bbox 1132 4052 1191 4099; x_wconf 87' lang='lat' dir='ltr'><strong>duos</strong></span> <span class='ocrx_word' id='word_1_283' title='bbox 1200 4068 1244 4099; x_wconf 83' lang='lat' dir='ltr'><strong>uec</strong></span> <span class='ocrx_word' id='word_1_284' title='bbox 1253 4067 1352 4113; x_wconf 71' lang='lat' dir='ltr'><strong>magnos</strong></span> 
     </span>
     <span class='ocr_line' id='line_1_35' title="bbox 303 4121 1351 4190; baseline -0.002 -20"><span class='ocrx_word' id='word_1_285' title='bbox 303 4124 400 4172; x_wconf 79' lang='lat' dir='ltr'><strong>Codices</strong></span> <span class='ocrx_word' id='word_1_286' title='bbox 411 4123 509 4173; x_wconf 78' lang='lat' dir='ltr'><strong>divisum</strong></span> <span class='ocrx_word' id='word_1_287' title='bbox 518 4142 533 4172; x_wconf 85' lang='lat' dir='ltr'><strong>a</strong></span> <span class='ocrx_word' id='word_1_288' title='bbox 543 4125 687 4190; x_wconf 81' lang='lat' dir='ltr'><strong>Msrquardo</strong></span> <span class='ocrx_word' id='word_1_289' title='bbox 700 4126 789 4172; x_wconf 76' lang='lat' dir='ltr'><strong>abbata</strong></span> <span class='ocrx_word' id='word_1_290' title='bbox 800 4129 860 4173; x_wconf 79' lang='lat' dir='ltr'><strong>aristi</strong></span> <span class='ocrx_word' id='word_1_291' title='bbox 874 4126 916 4171; x_wconf 82' lang='lat' dir='ltr'><strong>sibi</strong></span> <span class='ocrx_word' id='word_1_292' title='bbox 932 4125 1060 4172; x_wconf 78' lang='lat' dir='ltr'><strong>desiderat:</strong></span> <span class='ocrx_word' id='word_1_293' title='bbox 1078 4125 1141 4189; x_wconf 69' lang='lat' dir='ltr'><strong>«prod</strong></span> <span class='ocrx_word' id='word_1_294' title='bbox 1152 4136 1228 4170; x_wconf 83' lang='lat' dir='ltr'><strong>tamen</strong></span> <span class='ocrx_word' id='word_1_295' title='bbox 1241 4123 1270 4170; x_wconf 90' lang='lat' dir='ltr'><strong>de</strong></span> <span class='ocrx_word' id='word_1_296' title='bbox 1280 4121 1351 4169; x_wconf 66' lang='lat' dir='ltr'><strong>solua</strong></span> 
     </span>
     <span class='ocr_line' id='line_1_36' title="bbox 302 4195 560 4258; baseline 0.012 -18"><span class='ocrx_word' id='word_1_297' title='bbox 302 4195 403 4244; x_wconf 82' lang='lat' dir='ltr'><strong>minibus</strong></span> <span class='ocrx_word' id='word_1_298' title='bbox 412 4195 560 4258; x_wconf 79' lang='lat' dir='ltr'><strong>rapiendum.</strong></span> 
     </span>
    </p>
   </div>
   <div class='ocr_carea' id='block_1_6' title="bbox 0 0 1571 5124">
    <p class='ocr_par' dir='ltr' id='par_1_7' title="bbox 0 0 1571 5124">
     <span class='ocr_line' id='line_1_37' title="bbox 0 0 1571 5124; baseline 0 0"><span class='ocrx_word' id='word_1_299' title='bbox 0 0 1571 5124; x_wconf 95' lang='lat' dir='ltr'><strong> </strong></span> 
     </span>
    </p>
   </div>
  </div>
 </body>
</html>
