2982 5116
381 539 448 628 276
751 539 786 602 c.
811 536 1042 604 susronn

377 666 492 748 nibru,
511 661 722 748 eontulisset3
741 663 796 732 bic
813 675 997 733 secretum⁷
1014 665 1056 732 de
1074 683 1243 758 comperta
1262 671 1403 736 Murenae

377 773 606 868 conjuratione
615 776 883 842 uxoriTerentiae
892 773 1101 867 prodidisset.
1117 779 1235 868 Exegit
1243 793 1277 843 et
1284 779 1403 869 ipsein

376 889 483 954 vicem
491 885 534 952 ab
545 887 658 952 amicis
669 882 934 952 benevolentiam
943 900 1111 966 mutuam,
1124 902 1192 952 tam
1202 911 1222 953 a
1232 884 1402 967 defirnetis,

376 993 1402 1089 quamuvivis.Num,quumvisminimeappeteretbereditates‚

375 1109 485 1199 utqui
503 1127 678 1198 nunquam
696 1127 736 1168 ex
754 1105 857 1193 ignoti
879 1118 1076 1170 testamento
1094 1127 1213 1196 capere
1233 1108 1403 1200 quioqsnn

375 1217 773 1296 sustinuerit,amicorum
780 1231 891 1278 tumen
899 1235 1052 1304 suprema
1055 1210 1402 1306 judiciamorosissime

374 1327 565 1417 pensitavit;
579 1347 688 1417 neque
700 1321 815 1390 dolore
825 1321 1047 1406 dissimulato,
1062 1325 1089 1389 si
1101 1325 1254 1415 parcius,
1266 1325 1402 1390 uuteitn

375 1433 558 1504 honorem⁸
573 1435 767 1515 verborum,
785 1457 893 1527 neque
905 1434 1043 1526 gaudio,
1059 1437 1190 1528 signate
1205 1437 1329 1528 pieque
1340 1436 1402 1527 quis

376 1568 412 1614 se
425 1561 623 1638 prosecutus
641 1544 766 1610 fuisset.
785 1547 923 1634 Legata,
939 1542 991 1610 vel
1011 1559 1122 1634 partes
1136 1542 1372 1624 hereditatum,
1386 1567 1402 1608 a

375 1655 643 1750 quibuscumque
659 1652 851 1746 parentibus
870 1652 984 1720 relicta
1000 1654 1079 1735 sibi,
1096 1668 1155 1720 aut
1172 1657 1285 1721 statim
1303 1652 1402 1721 liberis

374 1775 511 1834 eorum⁹
520 1761 718 1844 concedere,
729 1780 787 1830 aut
796 1766 823 1828 si
832 1762 986 1855 pupillari
1000 1779 1094 1832 aetate
1105 1780 1234 1847 essent,
1247 1764 1303 1831 die
1312 1763 1402 1832 uirilis

374 1891 476 1966 togae,
500 1873 553 1942 vei
574 1877 784 1966 nuptiarum,
809 1897 886 1940 cum
907 1876 1113 1941 incremento
1137 1876 1315 1943 restituere
1336 1897 1403 1942 eon·

376 2000 498 2052 suerat.
676 1987 679 1992 ’

419 2097 550 2160 LXVII.
576 2097 756 2161 Patronus¹
782 2095 1006 2188 dominusque
1033 2117 1100 2162 non
1126 2097 1240 2162 minus
1263 2117 1402 2174 severus,

374 2325 455 2366 strum
469 2322 567 2364 censet.
586 2309 651 2363 Vide
665 2311 742 2363 Fabr.
757 2310 791 2363 ad
804 2312 870 2364 Dio·
915 2313 1012 2362 tionem
1026 2313 1141 2363 Murena
1153 2313 1252 2364 Noster
1263 2313 1404 2365 memorarit

374 2393 416 2444 nis
429 2391 516 2442 locum
527 2393 582 2461 jam
596 2391 704 2441 citatum
715 2418 750 2428 -
762 2391 870 2462 Biporis.
914 2407 973 2460 esp.
988 2407 1027 2458 ¹9·
1042 2392 1081 2443 De
1092 2391 1219 2442 Terentia
1228 2391 1289 2444 vide
1300 2411 1356 2463 cap.
1367 2391 1403 2460 ⁶8⁸

373 2467 494 2539 Lipsius,
509 2465 542 2519 ad
556 2465 684 2518 Velleium
698 2465 744 2519 lib.
758 2469 869 2538 11,cap.
914 2466 1027 2519 Amabat
1034 2485 1091 2518 eum
1100 2469 1250 2539 Augustus,
1261 2469 1341 2544 idque
1351 2470 1406 2522 arui·

374 2547 425 2610 83,
438 2543 584 2598 emendavit
592 2543 870 2616 friqoris,idquepie·
914 2547 980 2597 eitire
1005 2546 1155 2598 trecensus
1181 2547 1304 2601 obfuisse
1328 2561 1406 2601 nunt

372 2627 449 2697 rique
469 2623 635 2697 probarunt,
658 2621 772 2674 Woliius
791 2625 869 2676 etiam
914 2624 982 2689 Dio,
1001 2623 1068 2689 biv,
1090 2639 1137 2692 19,
1159 2641 1239 2693 quem
1260 2629 1339 2678 etiam
1354 2624 1405 2678 title

373 2706 483 2774 recepit.
491 2703 653 2755 servavimus
661 2701 777 2751 omniurn
784 2697 869 2751 Godd.
914 2701 966 2761 LV,
978 2717 1004 2768 7,
1016 2699 1061 2751 ubi
1073 2699 1107 2753 de
1119 2714 1203 2752 morte
1213 2705 1364 2757 mesinatis
1374 2704 1405 2755 io·

372 2779 529 2845 lectionem,
540 2797 598 2851 quse
610 2791 636 2828 et
647 2776 815 2829 commodum
825 2775 871 2828 dat
915 2780 1013 2848 quitur,
1026 2797 1082 2850 quse
1093 2781 1121 2831 in
1133 2797 1194 2831 nun.
1207 2782 1260 2850 746
1269 2784 1370 2836 incidit.

373 2877 479 2912 sensum
496 2859 658 2926 (severiorem
674 2855 750 2908 solito
769 2855 869 2907 unitum
950 2857 975 2908 8.
993 2855 1120 2908 Auteitra
1131 2857 1257 2910 honorem
1269 2863 1406 2912 verboru.

373 2939 487 3009 Augusti
507 2935 715 2989 animadvertere
733 2933 782 2986 sibi
799 2935 868 2985 visus
913 2935 948 2986 Ut
964 2932 1124 3000 maledictis,
1142 2953 1209 3006 quos
1228 2939 1358 3005 oderant,
1375 2953 1407 3011 tp·

374 3029 429 3068 erat
448 3015 597 3086 Agrippa),
617 3028 643 3064 et
660 3011 754 3083 iinpuse
771 3012 869 3063 Latine
912 3029 1010 3064 rannus
1019 3014 1130 3064 maxime
1140 3031 1289 3086 eorumque
1300 3020 1407 3078 ausim,

375 3097 450 3158 usui,
463 3110 517 3164 quo
530 3094 638 3145 nornine
652 3091 685 3143 ab
702 3094 802 3143 Ernest.
818 3092 868 3141 im·
912 3091 1043 3141 incessere
1065 3089 1185 3142 solebant
1207 3094 1321 3145 Romani
1339 3091 1408 3166 (risle

373 3184 517 3243 pugnatur,
534 3188 588 3222 nou
605 3183 645 3220 est
661 3169 802 3220 contrariu.
816 3169 869 3221 De·
913 3185 972 3238 cap.
990 3165 1054 3237 55),
1072 3169 1109 3218 ita
1125 3167 1249 3222 laudibus
1267 3189 1408 3243 proseque-

372 3247 459 3302 tendit
469 3266 526 3302 eam
537 3247 648 3298 Reitzius
660 3247 688 3296 in
697 3247 821 3311 Dictatis,
833 3245 870 3296 io·
912 3243 1010 3297 bantur
1018 3249 1044 3296 in
1052 3249 1212 3300 testamentis
1219 3240 1337 3318 miros,
1345 3251 1409 3303 unde

373 3329 411 3380 eis
427 3327 493 3379 Pliu.
513 3327 578 3378 Hist.
598 3327 659 3378 Nat.
677 3326 738 3391 vu,
760 3339 805 3392 ¹9,
825 3327 868 3396 qni
912 3324 1009 3377 honori
1027 3325 1077 3377 sibi
1093 3325 1225 3379 duxeruut
1245 3331 1329 3382 inseri
1351 3331 1408 3382 aiio

372 3419 461 3458 tamen
475 3407 560 3457 minus
576 3402 630 3455 hue
642 3405 771 3474 pertinet,
788 3421 867 3477 quum
912 3421 970 3454 runs
980 3409 1141 3458 testamentis
1154 3409 1234 3459 etiam
1247 3411 1311 3475 viri,
1328 3429 1409 3482 neque

371 3481 489 3557 riporibi
505 3484 538 3536 sit
554 3477 685 3546 ὶπᾶθιιι,
698 3493 723 3530 et
739 3499 798 3550 cap.
818 3481 868 3545 50,
912 3483 1031 3552 pecunias
1051 3497 1222 3554 appetentes,
1244 3504 1336 3558 neque
1358 3488 1409 3540 uiis

371 3561 418 3614 ubi
431 3562 501 3636 ripor
511 3573 588 3633 atque
600 3559 673 3612 calor
686 3572 866 3630 opponuntur.
912 3559 1021 3612 subsidii
1033 3560 1122 3630 indigi.

370 3636 868 3713 Quamquemverodecorporeibiser·
947 3655 971 3708 9.
981 3638 1317 3695 Libenseorumaoneedere.
1325 3645 1411 3696 Em

371 3739 416 3772 mo
433 3737 485 3788 est,
501 3733 589 3791 potest
602 3731 689 3770 tamen
706 3719 797 3770 eodem
807 3721 866 3787 jure
910 3715 948 3787 pii
966 3715 1026 3768 loeo
1045 3731 1173 3769 memorat
1191 3720 1295 3772 Ernest
1312 3721 1410 3774 liberos

371 3797 406 3848 ad
419 3802 534 3852 animum
547 3799 696 3865 transferri,
711 3799 757 3868 qui
769 3797 865 3863 calere,
910 3796 1021 3848 Herodis
1031 3815 1062 3848 ex
1071 3797 1179 3868 Joseph.
1190 3801 1275 3866 xvtr,
1292 3817 1336 3868 11,
1349 3815 1410 3854 eutr.

370 3875 389 3926 i.
407 3895 429 3928 a.
447 3894 549 3944 amare,
565 3875 656 3943 desiit,
673 3893 726 3946 quo
734 3876 822 3948 fripsu
832 3872 866 3925 de
910 3903 945 3914 --
955 3877 1046 3928 Aut...
1057 3895 1115 3929 enm
1125 3879 1286 3934 incremento
1298 3884 1411 3936 resuere

371 3972 403 4004 eo
416 3954 525 4015 dicisum
538 3957 675 4026 oriturque
687 3956 758 4023 rigor
770 3971 801 4004 ex
812 3951 867 4006 diu·
911 3970 946 4003 re.
961 3953 1002 4004 (Υ.
1021 3954 1088 4020 Dio,
1102 3955 1175 4020 LVI,
1191 3955 1243 4020 32,
1261 3958 1308 4010 ubi
1326 3959 1362 4012 de
1375 3973 1411 4011 te-

371 4040 448 4084 turno
459 4035 566 4102 frigore.
910 4044 1040 4084 strumento
1051 4036 1171 4106 Augusti.

411 4126 434 4158 η.
467 4111 519 4162 Hic
540 4123 660 4162 seer-enim
683 4111 715 4162 de
738 4119 865 4180 comperta
944 4110 1045 4164 van.
1059 4115 1224 4168 t.Patrunus
1232 4118 1410 4192 dominusque.

369 4185 512 4238 Murenoe..
522 4226 541 4240 ..
560 4189 716 4257 prodidisset.
735 4190 865 4257 Coniura-
910 4192 1039 4245 Patronus
1049 4191 1170 4260 libertos,
1184 4193 1306 4248 dominus
1321 4215 1411 4252 servos
