3120 5136
424 533 490 604 356
796 531 832 593 C.
858 529 1090 596 SUETONll
1148 584 1154 591 .

421 655 785 746 Anienemclientibus,
797 654 977 750 locumque
989 654 1104 723 sibiad
1116 653 1467 750 sepulturamsubCe-

420 767 556 868 pitolio³
573 765 706 864 publice
721 767 859 858 accepit.
875 767 1062 859 Deinceps,
1079 764 1283 858 procedente
1300 781 1465 860 tempore,

410 881 668 972 ‚duodetriginta
689 873 899 957 consulatus,
920 872 1102 942 dictaturas
1122 877 1288 970 quinque,
1309 901 1466 946 censuras

422 1011 570 1089 septem,
589 975 778 1079 triumplios
797 1001 943 1078 septem,
960 982 1043 1053 duas
1058 988 1247 1068 ovationes,
1267 984 1390 1080 adepta
1408 1003 1465 1054 est.

421 1111 533 1193 Quum
550 1095 813 1196 praenominibus
831 1093 1153 1190 cognominibusque
1169 1099 1268 1165 variis
1285 1095 1465 1191 distingue-

419 1230 525 1296 retur,
540 1210 634 1277 Lucii
646 1229 843 1300 praenomen
855 1228 1023 1272 consensu
1036 1204 1241 1296 repudiavit,
1256 1224 1464 1303 postquamc

420 1323 553 1393 duobus
575 1316 774 1413 gentilibus,
798 1315 945 1409 praeditis
968 1339 1026 1399 eo,
1051 1314 1136 1384 alter
1158 1317 1344 1404 latrocinii,
1369 1319 1463 1388 caedis
1556 1365 1557 1376 κ

419 1435 504 1504 alter
516 1434 687 1501 convictus
700 1443 761 1494 est.
778 1431 869 1493 Inter
881 1430 1079 1518 cognomina
1093 1445 1207 1496 autem
1218 1444 1252 1495 et
1266 1435 1408 1500 Neronis
1420 1455 1464 1498 as·
1556 1417 1557 1420 Ἴ

420 1548 554 1628 sumsit,
567 1537 652 1636 quol
665 1537 870 1630 significatur
881 1537 996 1630 lingua
1007 1538 1129 1626 Sabina
1139 1539 1234 1607 fortis
1246 1565 1285 1609 ac
1298 1559 1461 1610 strennus.

468 1661 510 1724 11.
527 1653 635 1722 Multa
645 1649 830 1726 multorum
843 1647 1060 1718 Claudiorum
1070 1654 1351 1742 egregiamerita,
1364 1653 1464 1724 multa

420 1756 520 1837 etiam
546 1787 643 1831 secus
667 1760 812 1829 admissa
835 1761 871 1825 in
896 1759 1151 1852 Rempublicam
1165 1765 1408 1847 exstant..Sed
1430 1781 1464 1832 ut

419 1881 589 1974 praecipua
602 1895 878 1952 commemorem,
895 1874 1038 1964 Appius¹
1054 1876 1169 1940 Caecus
1185 1877 1378 1944 societatem
1391 1901 1464 1946 cum

419 2017 497 2084 rege
519 1987 665 2081 Pyrrho,
686 2003 724 2052 ut
744 2009 866 2076 parum
882 1983 1067 2069 salubrem,
1089 1988 1164 2078 iniri
1185 1985 1353 2056 dissuasit.
1371 1990 1463 2058 Glau-

420 2102 513 2170 dius²
526 2098 661 2166 Caudex
674 2097 822 2189 primus,
834 2092 918 2160 freto
931 2091 1038 2164 classe
1052 2093 1210 2190 trajecto,
1228 2101 1347 2166 Poenos
1361 2100 1463 2168 Sicilia

420 2335 458 2388 dii
471 2353 517 2388 seu
530 2332 619 2387 Clausi
633 2329 776 2383 adventum
790 2329 923 2391 referens;
966 2331 1036 2403 Epit.
1049 2335 1109 2386 Xlll
1117 2356 1124 2385 t
1138 2335 1257 2388 «Cineas
1268 2334 1371 2406 legatus
1383 2354 1397 2388 n
1409 2335 1463 2409 Pyr·

420 2416 505 2469 Tacit·
519 2412 613 2466 Annnl·
627 2413 678 2476 XI,
694 2407 736 2474 24·
968 2411 1018 2463 rho
1036 2413 1069 2464 ad
1081 2413 1206 2466 Senatum
1223 2414 1319 2466 missus
1334 2417 1425 2484 petiit,
1437 2431 1463 2469 ut
1557 2461 1558 2486 ,

456 2497 482 2548 3.
496 2493 549 2545 Sub
562 2488 699 2563 Capitolio.
713 2487 923 2558 Singulariseret
968 2491 1158 2562 componendo
1178 2493 1251 2562 pacis
1275 2510 1357 2544 eausa
1378 2499 1462 2548 resin
1557 2505 1558 2568 ᾖ

420 2575 508 2628 bonos
516 2571 651 2644 sepultura
661 2571 730 2620 intra
737 2567 849 2632 Urbem,
859 2585 923 2637 prae·
968 2568 1065 2620 Urbem
1073 2571 1243 2640 reciperetur,
1250 2569 1283 2622 de
1292 2589 1346 2641 qus
1353 2591 1382 2625 re
1390 2592 1462 2644 quun

421 2671 462 2710 ter
473 2656 595 2725 Virgines
605 2650 724 2704 Vestales
737 2649 851 2700 tributus
862 2649 923 2700 viris
969 2645 1002 2698 ad
1017 2649 1223 2720 frequentiorem
1240 2648 1367 2702 Senatum
1382 2652 1463 2705 referri
1558 2663 1559 2714 ζ

422 2733 586 2798 clarissimis,
598 2729 632 2781 de
644 2747 696 2801 qua
709 2745 738 2778 re
750 2729 858 2798 copiose
870 2727 925 2797 agit
968 2726 1125 2796 placuisset.
1136 2726 1350 2798 Appcleadius,
1359 2734 1404 2801 qui
1411 2750 1464 2803 pm.
1557 2785 1559 2792 y

422 2811 595 2866 Kirebrnann.
618 2807 651 2860 de
672 2809 768 2859 Funsr.
790 2808 866 2857 Rom.
885 2806 924 2870 ll,
969 2804 1212 2874 ptervaletudineru
1221 2806 1359 2859 oculorum
1364 2809 1463 2879 jamdiu

424 2885 924 2960 26.-Proloeumque,inGodd.eliis
969 2885 1087 2938 consiliis
1107 2886 1221 2956 publicis
1240 2905 1269 2940 se
1292 2887 1462 2955 abstinuerat,

423 2974 571 3045 lumenque.
763 2989 766 3000 ⁴
969 2967 1041 3016 venit
1056 2966 1084 3034 in
1100 2965 1222 3028 Curiam,
1239 2980 1267 3018 et
1279 2971 1408 3020 sententis
1420 2987 1462 3022 sss
1558 3029 1559 3038 ἵ

459 3054 485 3120 4,
507 3053 562 3121 Quo
576 3045 786 3121 sipnificatmz...
800 3058 924 3101 strenuus.
970 3047 1071 3112 tenuit,
1088 3059 1117 3097 ut
1135 3045 1163 3097 id
1182 3045 1281 3118 Pyrrho
1296 3063 1459 3118 negamur.-
1558 3085 1559 3102 i

424 3131 491 3186 Gsll.
504 3131 578 3194 xm,
588 3145 636 3179 ns:
653 3149 664 3174 ι
675 3125 702 3177 id
714 3141 801 3179 autem
812 3129 865 3180 sire
874 3129 926 3182 Ne·
970 3125 1010 3178 cf.
1022 3123 1155 3176 Plutarch.
1167 3124 1257 3196 Pyr-rb.
1273 3127 1303 3179 rs
1313 3139 1340 3179 et
1353 3143 1392 3198 ¹9

425 3213 465 3265 rs'o
474 3213 529 3263 sive
537 3205 661 3261 Nerienes
671 3219 724 3271 est,
737 3205 862 3258 Sabinum
871 3225 927 3258 ver-
1013 3222 1036 3256 s.
1065 3203 1189 3257 Claudius
1214 3205 1338 3273 Caudex,
1363 3221 1411 3259 ete.
1433 3207 1459 3258 L

426 3293 490 3344 bum
505 3301 559 3353 est,
574 3303 659 3356 eoque
673 3283 837 3355 significetur
848 3288 927 3337 virtus
972 3285 1004 3334 U.
1020 3283 1081 3353 490.
1096 3282 1163 3334 Vell.
1183 3284 1220 3352 11,
1238 3283 1290 3351 38,
1308 3307 1320 3330 ι
1330 3287 1460 3338 Primusin

427 3387 454 3426 et
471 3365 612 3422 fortitudo.
630 3367 721 3435 ltaque
742 3383 774 3416 ex
793 3363 926 3432 Claudiis,
971 3359 1085 3414 Siciliam
1100 3363 1203 3432 trajecit
1217 3365 1362 3416 exercitum
1373 3361 1462 3418 Consul

427 3467 495 3525 quos
516 3467 532 3500 a
551 3444 654 3498 Sabinis
675 3441 803 3495 oriundos
823 3445 928 3516 accepi·
972 3440 1130 3494 Claudius·
1152 3441 1219 3493 Vide
1238 3441 1307 3496 Flor.
1327 3447 1369 3512 ll,
1389 3463 1419 3514 s,
1435 3445 1461 3506 ⁵3

426 3547 500 3595 mus,
516 3527 631 3598 quierat
647 3523 751 3591 egregia
768 3535 847 3594 atque
861 3541 928 3594 prse-
971 3520 1064 3594 Polyb.
1077 3523 1104 3589 1,
1119 3539 1159 3573 rr.
1171 3522 1328 3593 cognomen
1345 3527 1463 3596 interpr*

425 3610 506 3665 stanti
515 3600 684 3667 fortitudine,
696 3600 768 3651 Nero
778 3601 927 3672 appellatus
972 3601 1140 3654 tasurSenee.
1148 3600 1181 3652 de
1189 3603 1320 3655 Breuvit.
1334 3606 1377 3658 13:
1388 3605 1462 3672 :Quis

424 3704 473 3746 est.
486 3685 539 3740 Sed
550 3684 576 3737 id
586 3681 675 3736 Sebini
685 3681 818 3751 occepisse
831 3700 845 3732 n
857 3682 927 3734 Gree-
972 3683 1097 3734 Romanis
1115 3683 1214 3753 primus
1233 3687 1363 3754 persuasit
1381 3703 1463 3738 narem

425 3773 464 3824 cis
475 3767 608 3829 videntur,
624 3763 669 3833 qui
682 3757 787 3812 vincula
800 3774 826 3812 et
841 3759 927 3813 firma·
971 3761 1399 3831 conscendere?Claudiusisfuis,
1410 3769 1464 3818 cae

426 3861 515 3903 menta
535 3839 715 3896 membrorum
736 3836 802 3906 νιῧμ
821 3835 927 3905 dicunt,
971 3843 1017 3894 det
1028 3840 1063 3892 ob
1074 3841 1126 3894 hoo
1137 3843 1225 3913 ipsum
1236 3843 1399 3916 appellatus,
1411 3847 1463 3918 quis

425 3928 498 3983 unde
509 3938 674 3995 nosquoque
683 3919 774 3969 Latine
784 3935 927 3989 nervosep-
971 3921 1087 3992 plurium
1101 3922 1250 3975 tabularum
1265 3939 1405 3978 contextus
1415 3945 1465 3978 css·

424 4007 564 4084 pellamus.
580 4003 662 4056 Nerio
679 4000 760 4070 igitur
777 3997 869 4050 Martis
887 4000 926 4050 ris
971 3999 1465 4073 dexspudanriquosrooebatununde

426 4105 453 4144 et
473 4086 593 4160 potentia
613 4095 640 4134 et
659 4082 782 4150 majestas
807 4078 925 4151 quedem
970 4077 1466 4151 pulslicaetabulesods'eesdicuntur,st

425 4186 483 4222 esse
495 4165 587 4218 Martis
597 4159 825 4214 demonstrstor.·
970 4175 1051 4214 naves
1063 4175 1135 4210 nunc
1150 4176 1272 4234 quoqne,
1290 4179 1347 4232 quse
1360 4180 1392 4215 es
1405 4163 1466 4214 ansi-

460 4249 493 4302 11.
515 4261 537 4298 s.
559 4241 661 4316 Appius
680 4239 780 4308 Cosso,
801 4250 851 4291 etc.
870 4239 925 4290 Lis.
971 4235 1468 4311 quaconsnetudineper'l'ibfflmeou·
