3096 5124
346 519 411 584 236
716 519 751 580 C.
778 516 1013 581 SUETONII
1054 559 1056 564 ,

344 644 487 738 duplum
500 662 652 737 possent,
666 643 709 726 ad
724 662 852 710 certum
871 661 1005 736 tempus
1018 641 1169 720 indulsit.
1190 647 1384 711 Senatorum

344 780 482 824 censum
492 757 676 848 ampliavit,
687 781 795 849 acpro
807 760 1075 847 octingentorum
1085 754 1247 822 1111111111113
1258 781 1386 824 summa

283 860 287 866 ’
344 865 523 934 duodecies
536 869 687 934 sestertio
699 869 838 949 taxavit,
847 866 1084 960 supplevitque
1097 892 1165 934 non
1176 865 1382 934 habentibus.

344 977 540 1068 Congiarial
562 977 689 1070 populo
719 977 912 1071 frequenter
937 976 1044 1059 dedit,
1071 974 1130 1043 sed
1158 974 1298 1044 diversae
1320 977 1384 1042 fere

345 1111 485 1154 summae
502 1114 509 1154 :
524 1087 626 1155 modo
643 1087 909 1183 quadringenos,
922 1086 1023 1154 modo
1043 1103 1213 1168 trecenos,
1231 1110 1383 1152 nonnun-

346 1221 447 1290 quam
456 1195 934 1291 ducenosquinquagenosque
942 1221 1098 1263 nummos
1109 1225 1115 1262 :
1125 1197 1180 1262 ac⁵
1191 1221 1234 1263 ne
1242 1199 1383 1271 minores

345 1306 482 1400 quidem
498 1331 621 1398 pueros
633 1309 808 1399 praeteriit,
825 1309 978 1400 quamvis
995 1330 1062 1380 non
1078 1309 1141 1373 nisi
1155 1304 1198 1372 ab
1210 1304 1382 1374 undecimo

346 1421 451 1485 aetatis
469 1443 559 1486 anno
577 1422 726 1511 accipere
748 1437 977 1486 consuessent.
998 1419 1240 1485 Frumentum6
1255 1441 1383 1511 quoquc

345 1529 380 1594 in
394 1553 538 1596 annonae
551 1527 800 1598 difficultatibus
813 1552 901 1621 saepe
915 1528 1098 1612 levissimo,
1113 1527 1284 1595 interdum
1295 1525 1383 1593 nullo

345 1749 379 1802 de
387 1750 579 1822 summaduplo
587 1753 687 1820 majore
694 1753 843 1804 cautionem
889 1753 943 1802 cie's
955 1751 996 1802 HS
1009 1751 1020 1823 )
1035 1750 1185 1820 augendum
1197 1750 1267 1800 riam
1279 1747 1329 1800 sibi
1341 1765 1384 1814 pa-

345 1831 513 1901 interponere
525 1845 641 1901 possent.
652 1832 766 1897 Gallice,
778 1857 788 1878 e
800 1835 844 1905 qui
888 1847 959 1880 rasse
970 1831 1104 1898 Augustus
1114 1829 1224 1879 ridetur.
1240 1829 1301 1878 Hac
1311 1827 1383 1894 igitur

348 1929 360 1952 ι
370 1912 513 1978 pouvaient
520 1910 653 1979 re'pondre
661 1910 696 1962 du
705 1911 804 1976 double
812 1911 844 1964 de
889 1920 951 1960 suut
964 1908 1038 1958 tertia
1052 1908 1239 1979 quadrinqenta
1256 1903 1326 1976 apud
1339 1905 1383 1953 lu·

348 2009 359 2034 ι
369 1987 393 2038 la
407 2006 506 2040 sommo
516 1988 580 2059 qu’il
591 1989 762 2061 leur-,pretait¹
773 2017 784 2040 s
889 1988 975 2041 venel.
988 1987 1040 2040 Sat.
1053 1989 1125 2052 XIV,
1137 1988 1201 2053 326,
1212 2005 1270 2058 qnae
1281 2003 1382 2036 censum

380 2067 405 2117 3.
416 2067 843 2138 Ασρνοοοῐὶη7εηῐονα111π1ἰ11ἰανη
889 2070 1050 2122 senatorium
1063 2067 1209 2136 significare
1223 2079 1304 2136 patet.
1323 2064 1384 2114 Vide

344 2163 446 2196 sumina
463 2146 595 2198 duodecies
611 2147 721 2199 sestertio
737 2151 842 2200 taxauit.
889 2149 996 2217 Rupert.
1010 2145 1043 2198 ad
1056 2145 1083 2198 11.
1096 2147 1113 2197 l.
1127 2161 1152 2198 et
1165 2145 1199 2197 ad
1209 2144 1325 2216 ejusdem
1335 2145 1382 2195 Sat.

345 2226 374 2274 ln
391 2237 503 2295 utraque
521 2243 622 2276 summa
638 2225 757 2277 dissentit
773 2229 842 2279 Dio:
891 2227 950 2289 Vll,
975 2225 1040 2290 118,
1061 2225 1107 2291 ubi
1127 2224 1206 2274 rerba
1225 2242 1240 2274 e
1259 2221 1383 2273 Dodwell.

344 2304 447 2374 priore,
465 2322 543 2373 quam
560 2303 623 2356 facit
639 2303 698 2356 ttae
710 2302 842 2374 μυριάδων,
888 2303 983 2356 Annal.
996 2303 1169 2370 Quintilhuc
1178 2304 1301 2353 facientia
1310 2316 1384 2351 trans·

345 2381 443 2448 idest,
461 2383 707 2457 quadriuqentorum
726 2384 843 2435 millium
889 2386 988 2454 cripsit.
1001 2412 1037 2422 —
1053 2381 1254 2454 Supplevitque,
1268 2394 1318 2431 etc.
1336 2379 1384 2430 811-

344 2461 411 2522 HS.;
431 2457 592 2532 posteriore,
611 2482 690 2534 quam
709 2464 789 2514 fuisse
809 2466 844 2514 ait
888 2466 949 2534 pius
960 2463 988 2514 id
1001 2464 1101 2514 facturn
1114 2475 1241 2513 memorat
1257 2462 1318 2511 Dio.

343 2537 412 2592 cim
422 2539 461 2590 rud
471 2539 538 2592 εἴκοσι
545 2539 676 2609 stupratur,
690 2541 716 2593 l1.
728 2562 750 2594 e.
764 2542 845 2594 decies
924 2545 949 2610 4.
971 2541 1124 2614 Conpiaria.
1135 2580 1140 2590 .
1152 2577 1158 2596 .
1168 2577 1174 2590 .
1182 2539 1338 2610 frequenter
1344 2537 1384 2588 de·

343 2622 393 2673 HS.
405 2624 462 2672 lam
473 2635 635 2686 contraeas,
647 2624 690 2693 qui
700 2619 772 2672 hunc
782 2621 845 2672 Sue·
887 2621 933 2672 dit.
950 2623 1049 2672 Horum
1064 2621 1188 2690 frequens
1202 2620 1302 2671 mentio
1316 2615 1383 2686 apud

344 2700 410 2749 tonii
423 2713 448 2750 et
464 2701 555 2751 Dionis
567 2699 600 2751 de
614 2717 695 2751 censu
710 2703 843 2752 senatorio
887 2699 1102 2762 Diouem3Ll,ar
1112 2735 1120 2764 ,
1129 2716 1189 2748 ann.
1198 2696 1384 2766 725;L1n‚28‚

343 2775 488 2828 dissensum
500 2779 606 2830 alterius
616 2780 699 2830 utrius
710 2781 792 2830 errori
801 2781 844 2829 tri·
888 2797 949 2829 aun.
962 2778 1029 2846 730;
1039 2777 1092 2842 LV,
1105 2793 1147 2841 ro,
1158 2793 1220 2825 ann.
1231 2773 1297 2844 752,
1307 2785 1332 2824 et
1341 2775 1385 2824 Ta·

343 2854 471 2920 buerunt,
486 2857 526 2908 vel
539 2875 631 2908 nostro
644 2857 703 2909 loco
718 2877 764 2928 pro
777 2858 843 2910 duo·
888 2861 932 2910 cit.
945 2871 1014 2910 nost.
1028 2856 1089 2908 edit.
1102 2870 1166 2908 tom.
1178 2857 1222 2920 lV,
1235 2873 1261 2924 p.
1274 2855 1334 2906 260.

343 2933 842 3004 decieslegendumdeciescensueruut,
915 2939 947 2990 ·5.
970 2935 1287 3006 Acueminoresquidem
1298 2951 1384 3005 pueros

343 3015 458 3063 Perizon.
470 3015 496 3063 in
507 3015 614 3066 Dissert.
622 3015 653 3066 de
664 3015 718 3089 leqe
727 3017 843 3068 Voconia
885 3017 1016 3088 preteriit.
1026 3016 1067 3066 ste
1074 3016 1217 3083 Trajanum
1227 3012 1384 3084 prolixelau·

344 3090 472 3158 ostendit,
483 3095 696 3163 antedugustum
706 3094 844 3146 huncceu·
888 3093 933 3146 dat
943 3091 1055 3158 Plinius,
1066 3093 1138 3163 quod
1150 3092 1183 3144 ad
1194 3094 1330 3160 congiaria
1341 3109 1384 3144 sun

343 3187 402 3220 sum
413 3171 617 3244 octinqentorum
628 3172 742 3224 millium
754 3174 841 3238 fuisse,
887 3175 1002 3226 infantes
1013 3191 1120 3243 quoqne
1133 3171 1291 3223 admitteret.

345 3250 379 3300 ob
399 3249 528 3300 bellorum
548 3249 663 3302 civilium
682 3253 842 3306 calamitates
923 3253 948 3304 6.
959 3254 1127 3304 Frumentum
1135 3249 1386 3324 quiaque....udrnen·

344 3341 482 3400 ortamque
503 3327 563 3379 inde
582 3328 718 3380 hominum
740 3350 841 3402 paupe·
886 3351 928 3386 sus
945 3345 988 3384 est.
1008 3333 1046 3384 lle
1064 3333 1213 3395 frumento,
1233 3332 1336 3403 populo
1357 3349 1385 3382 ex

344 3411 408 3460 riem
425 3407 558 3460 redactum
572 3409 677 3479 quidem
694 3410 727 3462 ad
740 3424 842 3482 tenipus
887 3413 995 3486 publico
1010 3413 1119 3482 singulis
1137 3412 1270 3464 mensibus
1288 3412 1385 3476 diviso,

345 3486 379 3538 ad
397 3487 587 3563 quadrinqenta
609 3488 712 3554 millia,
735 3503 841 3540 auctum
888 3492 947 3544 vide
961 3511 1019 3562 qua·
1030 3492 1142 3543 diximus
1155 3491 1190 3542 ed
1201 3491 1385 3556 Gaes.dr.lloc

343 3582 433 3619 tamen
450 3582 542 3639 postea
558 3567 592 3622 ad
608 3567 689 3621 decies
703 3569 768 3632 ns„
785 3583 843 3619 tun·
887 3572 947 3623 loco
961 3589 1045 3622 senno
1058 3569 1090 3620 de
1106 3567 1319 3620 extraordinariis
1336 3570 1386 3620 fru-

345 3645 404 3698 dem
415 3667 484 3700 noro
494 3651 654 3700 incremento
668 3646 702 3698 ad
713 3649 844 3700 duodecies
888 3649 1103 3702 mentationibus.
1128 3651 1248 3700 Monum.
1269 3652 1386 3720 Amyn,

344 3727 413 3793 HS„
440 3747 519 3798 quum
545 3746 692 3794 summanr,
718 3729 844 3797 quoniam
892 3726 1386 3778 «duodecimfrumentationesfrumen·

343 3818 406 3872 post
420 3819 532 3857 mortem
545 3807 655 3876 Augusti
668 3805 787 3871 duravit,
801 3807 844 3855 in-
889 3819 916 3856 to
928 3808 1049 3876 privatim
1057 3821 1180 3876 coempto
1191 3824 1314 3858 emensus
1322 3826 1385 3858 sum.

346 3880 843 3950 dicatSuetonius,acnonnullisetiam
888 3887 955 3937 vide
980 3887 1122 3938 Centaren.
1149 3885 1182 3936 de
1207 3888 1387 3938 Frumentaria

345 3963 492 4033 suppletam
511 3967 591 4016 fuisse
611 3966 644 4016 ab
663 3967 843 4036 Imperatore,
887 3969 1038 4036 Principum
1051 3967 1217 4036 Largitione,
1232 3985 1256 4018 c.
1271 3969 1305 4033 3,
1318 3966 1387 4038 quod

345 4039 378 4092 ad
390 4059 451 4092 ann.
466 4044 515 4112 757
528 4058 616 4095 narrat
630 4047 686 4116 ipse
703 4048 769 4110 Dio,
785 4047 842 4110 LV,
888 4047 981 4118 agitde
992 4047 1166 4100 frumentariis
1177 4050 1328 4119 Principum
1340 4049 1387 4100 lar·

348 4121 394 4182 133
409 4139 460 4191 qua
473 4121 629 4176 liberalitate
639 4126 672 4177 ad
683 4145 790 4177 corisum
801 4125 844 4176 Se·
887 4124 1030 4194 gitionibus
1042 4125 1136 4194 (Thes.
1148 4127 1232 4179 Grtev.
1243 4141 1309 4178 tom.
1318 4129 1386 4193 Vlll,

345 4214 467 4251 natorum
478 4201 511 4252 ad
523 4222 578 4255 eam
590 4223 716 4256 summanr
730 4204 843 4272 (duode-
888 4223 948 4274 pag.
963 4205 1011 4272 951
1025 4224 1079 4275 seq.
