<?xml version="1.0" encoding="UTF-8"?>
<!DOCTYPE html PUBLIC "-//W3C//DTD XHTML 1.0 Transitional//EN"
    "http://www.w3.org/TR/xhtml1/DTD/xhtml1-transitional.dtd">
<html xmlns="http://www.w3.org/1999/xhtml" xml:lang="en" lang="en">
 <head>
  <title>
</title>
<meta http-equiv="Content-Type" content="text/html;charset=utf-8" />
  <meta name='ocr-system' content='tesseract 3.04.00' />
  <meta name='ocr-capabilities' content='ocr_page ocr_carea ocr_par ocr_line ocrx_word'/>
</head>
<body>
  <div class='ocr_page' id='page_1' title='image "./csuetoniitranqu02suetgoog_0177.png"; bbox 0 0 3036 5128; ppageno 0'>
   <div class='ocr_carea' id='block_1_1' title="bbox 442 517 1108 590">
    <p class='ocr_par' dir='ltr' id='par_1_1' title="bbox 442 517 1108 590">
     <span class='ocr_line' id='line_1_1' title="bbox 442 517 1108 590; baseline -0.014 -9"><span class='ocrx_word' id='word_1_1' title='bbox 442 519 477 581; x_wconf 87' lang='lat' dir='ltr'><strong>o.</strong></span> <span class='ocrx_word' id='word_1_2' title='bbox 502 517 533 581; x_wconf 85' lang='lat' dir='ltr'><strong>J.</strong></span> <span class='ocrx_word' id='word_1_3' title='bbox 558 518 729 586; x_wconf 72' lang='lat' dir='ltr'><strong>cusin.</strong></span> <span class='ocrx_word' id='word_1_4' title='bbox 1051 547 1108 590; x_wconf 81' lang='grc'><strong>,,,</strong></span> 
     </span>
    </p>
   </div>
   <div class='ocr_carea' id='block_1_2' title="bbox 67 641 1114 1846">
    <p class='ocr_par' dir='ltr' id='par_1_2' title="bbox 67 641 1114 1846">
     <span class='ocr_line' id='line_1_2' title="bbox 68 641 1114 738; baseline 0.002 -22"><span class='ocrx_word' id='word_1_5' title='bbox 68 647 364 738; x_wconf 78' lang='lat' dir='ltr'><strong>administratione,</strong></span> <span class='ocrx_word' id='word_1_6' title='bbox 374 660 447 712; x_wconf 89' lang='lat' dir='ltr'><strong>tum</strong></span> <span class='ocrx_word' id='word_1_7' title='bbox 460 645 644 728; x_wconf 26' lang='lat' dir='ltr'><strong>inlvictoria</strong></span> <span class='ocrx_word' id='word_1_8' title='bbox 652 641 733 710; x_wconf 89' lang='lat' dir='ltr'><strong>belli</strong></span> <span class='ocrx_word' id='word_1_9' title='bbox 744 643 867 726; x_wconf 81' lang='lat' dir='ltr'><strong>civilis,</strong></span> <span class='ocrx_word' id='word_1_10' title='bbox 881 645 1114 720; x_wconf 73' lang='lat' dir='ltr'>admirabilem</span> 
     </span>
     <span class='ocr_line' id='line_1_3' title="bbox 68 753 1114 846; baseline 0.003 -21"><span class='ocrx_word' id='word_1_11' title='bbox 68 757 223 827; x_wconf 83' lang='lat' dir='ltr'><strong>exhibuit.</strong></span> <span class='ocrx_word' id='word_1_12' title='bbox 245 757 478 824; x_wconf 86' lang='lat' dir='ltr'><strong>Denunciante</strong></span> <span class='ocrx_word' id='word_1_13' title='bbox 494 755 694 846; x_wconf 84' lang='lat' dir='ltr'><strong>²Pompeio,</strong></span> <span class='ocrx_word' id='word_1_14' title='bbox 712 777 776 846; x_wconf 89' lang='lat' dir='ltr'><strong>pro</strong></span> <span class='ocrx_word' id='word_1_15' title='bbox 792 753 947 842; x_wconf 77' lang='lat' dir='ltr'><strong>hostibus</strong></span> <span class='ocrx_word' id='word_1_16' title='bbox 968 781 1004 826; x_wconf 89' lang='lat' dir='ltr'><strong>se</strong></span> <span class='ocrx_word' id='word_1_17' title='bbox 1021 757 1114 828; x_wconf 88' lang='lat' dir='ltr'><strong>habi·</strong></span> 
     </span>
     <span class='ocr_line' id='line_1_4' title="bbox 68 862 1113 964; baseline 0.001 -27"><span class='ocrx_word' id='word_1_18' title='bbox 68 887 194 952; x_wconf 88' lang='lat' dir='ltr'><strong>turum,</strong></span> <span class='ocrx_word' id='word_1_19' title='bbox 210 870 272 964; x_wconf 88' lang='lat' dir='ltr'><strong>qui</strong></span> <span class='ocrx_word' id='word_1_20' title='bbox 283 865 488 959; x_wconf 70' lang='lat' dir='ltr'><strong>Reipublicae</strong></span> <span class='ocrx_word' id='word_1_21' title='bbox 500 862 705 948; x_wconf 83' lang='lat' dir='ltr'><strong>defuissent,</strong></span> <span class='ocrx_word' id='word_1_22' title='bbox 717 865 810 957; x_wconf 89' lang='lat' dir='ltr'><strong>ipse,</strong></span> <span class='ocrx_word' id='word_1_23' title='bbox 824 862 974 936; x_wconf 82' lang='lat' dir='ltr'><strong>³medios</strong></span> <span class='ocrx_word' id='word_1_24' title='bbox 987 886 1021 938; x_wconf 92' lang='lat' dir='ltr'><strong>et</strong></span> <span class='ocrx_word' id='word_1_25' title='bbox 1032 894 1113 938; x_wconf 92' lang='lat' dir='ltr'><strong>neu·</strong></span> 
     </span>
     <span class='ocr_line' id='line_1_5' title="bbox 70 973 1109 1074; baseline 0.001 -28"><span class='ocrx_word' id='word_1_26' title='bbox 70 982 145 1046; x_wconf 90' lang='lat' dir='ltr'><strong>trius</strong></span> <span class='ocrx_word' id='word_1_27' title='bbox 162 980 269 1074; x_wconf 86' lang='lat' dir='ltr'><strong>partis</strong></span> <span class='ocrx_word' id='word_1_28' title='bbox 288 999 430 1044; x_wconf 88' lang='lat' dir='ltr'><strong>suorum</strong></span> <span class='ocrx_word' id='word_1_29' title='bbox 448 973 512 1042; x_wconf 88' lang='lat' dir='ltr'>sibi</span> <span class='ocrx_word' id='word_1_30' title='bbox 531 999 674 1042; x_wconf 90' lang='lat' dir='ltr'><strong>numero</strong></span> <span class='ocrx_word' id='word_1_31' title='bbox 692 974 844 1059; x_wconf 87' lang='lat' dir='ltr'><strong>futuros,</strong></span> <span class='ocrx_word' id='word_1_32' title='bbox 864 983 1109 1068; x_wconf 85' lang='lat' dir='ltr'><strong>pronunciavit.</strong></span> 
     </span>
     <span class='ocr_line' id='line_1_6' title="bbox 67 1084 1112 1180; baseline 0.002 -24"><span class='ocrx_word' id='word_1_33' title='bbox 67 1088 339 1176; x_wconf 67' lang='lat' dir='ltr'><strong>Quibusieutem</strong></span> <span class='ocrx_word' id='word_1_34' title='bbox 355 1111 397 1156; x_wconf 86' lang='lat' dir='ltr'><strong>ex</strong></span> <span class='ocrx_word' id='word_1_35' title='bbox 415 1084 708 1154; x_wconf 86' lang='lat' dir='ltr'><strong>commendatione</strong></span> <span class='ocrx_word' id='word_1_36' title='bbox 729 1088 879 1180; x_wconf 92' lang='lat' dir='ltr'><strong>Pompeii</strong></span> <span class='ocrx_word' id='word_1_37' title='bbox 902 1087 1038 1158; x_wconf 83' lang='lat' dir='ltr'><strong>ordines</strong></span> <span class='ocrx_word' id='word_1_38' title='bbox 1054 1091 1112 1162; x_wconf 92' lang='lat' dir='ltr'><strong>de-</strong></span> 
     </span>
     <span class='ocr_line' id='line_1_7' title="bbox 68 1195 1112 1293; baseline 0.005 -27"><span class='ocrx_word' id='word_1_39' title='bbox 68 1197 172 1284; x_wconf 82' lang='lat' dir='ltr'><strong>derat,</strong></span> <span class='ocrx_word' id='word_1_40' title='bbox 188 1215 391 1293; x_wconf 84' lang='lat' dir='ltr'><strong>potestetem</strong></span> <span class='ocrx_word' id='word_1_41' title='bbox 405 1195 603 1266; x_wconf 78' lang='lat' dir='ltr'><strong>transeundi</strong></span> <span class='ocrx_word' id='word_1_42' title='bbox 616 1195 752 1266; x_wconf 79' lang='lat' dir='ltr'><strong>adeum</strong></span> <span class='ocrx_word' id='word_1_43' title='bbox 763 1199 921 1268; x_wconf 88' lang='lat' dir='ltr'><strong>omnibus</strong></span> <span class='ocrx_word' id='word_1_44' title='bbox 932 1201 1022 1270; x_wconf 88' lang='lat' dir='ltr'><strong>fecit.</strong></span> <span class='ocrx_word' id='word_1_45' title='bbox 1039 1207 1112 1270; x_wconf 87' lang='lat' dir='ltr'><strong>Mo-</strong></span> 
     </span>
     <span class='ocr_line' id='line_1_8' title="bbox 68 1307 1112 1404; baseline 0.004 -28"><span class='ocrx_word' id='word_1_46' title='bbox 68 1312 122 1378; x_wconf 83' lang='lat' dir='ltr'><strong>tis⁵</strong></span> <span class='ocrx_word' id='word_1_47' title='bbox 138 1309 228 1404; x_wconf 85' lang='lat' dir='ltr'><strong>apud</strong></span> <span class='ocrx_word' id='word_1_48' title='bbox 244 1309 391 1378; x_wconf 82' lang='lat' dir='ltr'><strong>Ilerdam</strong></span> <span class='ocrx_word' id='word_1_49' title='bbox 407 1308 586 1378; x_wconf 79' lang='lat' dir='ltr'><strong>deditionis</strong></span> <span class='ocrx_word' id='word_1_50' title='bbox 603 1307 871 1392; x_wconf 88' lang='lat' dir='ltr'><strong>conditionibus,</strong></span> <span class='ocrx_word' id='word_1_51' title='bbox 885 1335 1012 1404; x_wconf 89' lang='lat' dir='ltr'><strong>quum,</strong></span> <span class='ocrx_word' id='word_1_52' title='bbox 1028 1316 1112 1382; x_wconf 84' lang='lat' dir='ltr'><strong>essi·</strong></span> 
     </span>
     <span class='ocr_line' id='line_1_9' title="bbox 68 1416 1111 1514; baseline 0.002 -28"><span class='ocrx_word' id='word_1_53' title='bbox 68 1416 128 1488; x_wconf 91' lang='lat' dir='ltr'><strong>duo</strong></span> <span class='ocrx_word' id='word_1_54' title='bbox 139 1424 226 1490; x_wconf 91' lang='lat' dir='ltr'><strong>inter</strong></span> <span class='ocrx_word' id='word_1_55' title='bbox 237 1435 401 1514; x_wconf 82' lang='lat' dir='ltr'><strong>utrasque</strong></span> <span class='ocrx_word' id='word_1_56' title='bbox 410 1433 523 1510; x_wconf 88' lang='lat' dir='ltr'><strong>partes</strong></span> <span class='ocrx_word' id='word_1_57' title='bbox 533 1443 599 1486; x_wconf 92' lang='lat' dir='ltr'><strong>usu</strong></span> <span class='ocrx_word' id='word_1_58' title='bbox 608 1433 710 1514; x_wconf 86' lang='lat' dir='ltr'><strong>atque</strong></span> <span class='ocrx_word' id='word_1_59' title='bbox 723 1421 943 1502; x_wconf 86' lang='lat' dir='ltr'><strong>commercio,</strong></span> <span class='ocrx_word' id='word_1_60' title='bbox 955 1419 1111 1490; x_wconf 80' lang='lat' dir='ltr'><strong>Afranius</strong></span> 
     </span>
     <span class='ocr_line' id='line_1_10' title="bbox 68 1527 1111 1624; baseline 0 -28"><span class='ocrx_word' id='word_1_61' title='bbox 68 1553 101 1596; x_wconf 84' lang='lat' dir='ltr'><strong>tc</strong></span> <span class='ocrx_word' id='word_1_62' title='bbox 112 1533 259 1599; x_wconf 87' lang='lat' dir='ltr'><strong>Petreius</strong></span> <span class='ocrx_word' id='word_1_63' title='bbox 277 1527 507 1624; x_wconf 89' lang='lat' dir='ltr'><strong>deprehensos</strong></span> <span class='ocrx_word' id='word_1_64' title='bbox 520 1531 608 1596; x_wconf 88' lang='lat' dir='ltr'><strong>iutra</strong></span> <span class='ocrx_word' id='word_1_65' title='bbox 624 1545 735 1598; x_wconf 82' lang='lat' dir='ltr'><strong>castra</strong></span> <span class='ocrx_word' id='word_1_66' title='bbox 750 1531 769 1595; x_wconf 90' lang='lat' dir='ltr'>J</span> <span class='ocrx_word' id='word_1_67' title='bbox 772 1528 905 1597; x_wconf 87' lang='lat' dir='ltr'><strong>ulianos</strong></span> <span class='ocrx_word' id='word_1_68' title='bbox 918 1529 1029 1601; x_wconf 85' lang='lat' dir='ltr'><strong>subita</strong></span> <span class='ocrx_word' id='word_1_69' title='bbox 1042 1556 1111 1623; x_wconf 87' lang='lat' dir='ltr'><strong>poe-</strong></span> 
     </span>
     <span class='ocr_line' id='line_1_11' title="bbox 69 1638 1111 1733; baseline 0.001 -25"><span class='ocrx_word' id='word_1_70' title='bbox 69 1643 196 1712; x_wconf 85' lang='lat' dir='ltr'><strong>nitentia</strong></span> <span class='ocrx_word' id='word_1_71' title='bbox 205 1642 469 1724; x_wconf 86' lang='lat' dir='ltr'><strong>interfecissent,</strong></span> <span class='ocrx_word' id='word_1_72' title='bbox 481 1638 663 1710; x_wconf 83' lang='lat' dir='ltr'><strong>admissam</strong></span> <span class='ocrx_word' id='word_1_73' title='bbox 674 1644 709 1708; x_wconf 90' lang='lat' dir='ltr'><strong>in</strong></span> <span class='ocrx_word' id='word_1_74' title='bbox 722 1665 758 1710; x_wconf 89' lang='lat' dir='ltr'><strong>se</strong></span> <span class='ocrx_word' id='word_1_75' title='bbox 769 1639 946 1733; x_wconf 80' lang='lat' dir='ltr'><strong>perfidiam</strong></span> <span class='ocrx_word' id='word_1_76' title='bbox 956 1665 1027 1709; x_wconf 89' lang='lat' dir='ltr'><strong>non</strong></span> <span class='ocrx_word' id='word_1_77' title='bbox 1040 1665 1111 1709; x_wconf 87' lang='lat' dir='ltr'><strong>sus·</strong></span> 
     </span>
     <span class='ocr_line' id='line_1_12' title="bbox 70 1750 1109 1846; baseline 0 -26"><span class='ocrx_word' id='word_1_78' title='bbox 70 1755 158 1821; x_wconf 90' lang='lat' dir='ltr'><strong>tinuit</strong></span> <span class='ocrx_word' id='word_1_79' title='bbox 168 1757 304 1822; x_wconf 82' lang='lat' dir='ltr'><strong>imitari.</strong></span> <span class='ocrx_word' id='word_1_80' title='bbox 321 1750 419 1822; x_wconf 81' lang='lat' dir='ltr'><strong>Acie⁶</strong></span> <span class='ocrx_word' id='word_1_81' title='bbox 436 1751 627 1821; x_wconf 83' lang='lat' dir='ltr'><strong>Pharsalica</strong></span> <span class='ocrx_word' id='word_1_82' title='bbox 645 1753 880 1846; x_wconf 78' lang='lat' dir='ltr'><strong>proclamavit,</strong></span> <span class='ocrx_word' id='word_1_83' title='bbox 903 1768 967 1820; x_wconf 67' lang='lat' dir='ltr'><strong>aut</strong></span> <span class='ocrx_word' id='word_1_84' title='bbox 981 1753 1109 1822; x_wconf 88' lang='lat' dir='ltr'><strong>civibus</strong></span> 
     </span>
    </p>
   </div>
   <div class='ocr_carea' id='block_1_3' title="bbox 20 1989 1163 3470">
    <p class='ocr_par' dir='ltr' id='par_1_3' title="bbox 20 1989 1163 3470">
     <span class='ocr_line' id='line_1_13' title="bbox 71 1989 1108 2064; baseline -0.003 -23"><span class='ocrx_word' id='word_1_85' title='bbox 71 1989 393 2062; x_wconf 72' lang='lat' dir='ltr'><strong>«iouenges.n-Quum.</strong></span> <span class='ocrx_word' id='word_1_86' title='bbox 404 1991 501 2060; x_wconf 85' lang='lat' dir='ltr'><strong>Recepi</strong></span> <span class='ocrx_word' id='word_1_87' title='bbox 511 2009 560 2061; x_wconf 91' lang='lat' dir='ltr'><strong>pro</strong></span> <span class='ocrx_word' id='word_1_88' title='bbox 607 2009 663 2042; x_wconf 85' lang='lat' dir='ltr'><strong>rum</strong></span> <span class='ocrx_word' id='word_1_89' title='bbox 686 2001 764 2064; x_wconf 79' lang='lat' dir='ltr'><strong>atque</strong></span> <span class='ocrx_word' id='word_1_90' title='bbox 786 1991 907 2044; x_wconf 80' lang='lat' dir='ltr'><strong>ordinum</strong></span> <span class='ocrx_word' id='word_1_91' title='bbox 931 2003 1108 2042; x_wconf 77' lang='lat' dir='ltr'><strong>evocentur.»</strong></span> 
     </span>
     <span class='ocr_line' id='line_1_14' title="bbox 71 2059 1111 2142; baseline 0.003 -23"><span class='ocrx_word' id='word_1_92' title='bbox 71 2081 117 2121; x_wconf 87' lang='lat' dir='ltr'><strong>tum</strong></span> <span class='ocrx_word' id='word_1_93' title='bbox 128 2091 183 2123; x_wconf 87' lang='lat' dir='ltr'><strong>curn</strong></span> <span class='ocrx_word' id='word_1_94' title='bbox 198 2075 286 2123; x_wconf 74' lang='lat' dir='ltr'><strong>earm.</strong></span> <span class='ocrx_word' id='word_1_95' title='bbox 303 2085 328 2122; x_wconf 89' lang='lat' dir='ltr'><strong>et</strong></span> <span class='ocrx_word' id='word_1_96' title='bbox 343 2067 467 2124; x_wconf 89' lang='lat' dir='ltr'><strong>Oudend.</strong></span> <span class='ocrx_word' id='word_1_97' title='bbox 482 2088 561 2142; x_wconf 90' lang='lat' dir='ltr'><strong>quem</strong></span> <span class='ocrx_word' id='word_1_98' title='bbox 605 2059 653 2132; x_wconf 79' lang='lat' dir='ltr'><strong>lli,</strong></span> <span class='ocrx_word' id='word_1_99' title='bbox 666 2067 715 2121; x_wconf 82' lang='lat'><strong>53:</strong></span> <span class='ocrx_word' id='word_1_100' title='bbox 734 2093 745 2115; x_wconf 80' lang='grc' dir='ltr'>ι</span> <span class='ocrx_word' id='word_1_101' title='bbox 756 2087 834 2140; x_wconf 88' lang='lat' dir='ltr'><strong>quem</strong></span> <span class='ocrx_word' id='word_1_102' title='bbox 842 2070 958 2124; x_wconf 71' lang='lat' dir='ltr'><strong>cesar...</strong></span> <span class='ocrx_word' id='word_1_103' title='bbox 971 2069 1003 2122; x_wconf 79' lang='lat' dir='ltr'><strong>ab</strong></span> <span class='ocrx_word' id='word_1_104' title='bbox 1016 2071 1111 2122; x_wconf 84' lang='lat' dir='ltr'><strong>octavis</strong></span> 
     </span>
     <span class='ocr_line' id='line_1_15' title="bbox 70 2145 1111 2220; baseline 0.002 -22"><span class='ocrx_word' id='word_1_105' title='bbox 70 2149 127 2201; x_wconf 83' lang='lat' dir='ltr'><strong>ride.</strong></span> <span class='ocrx_word' id='word_1_106' title='bbox 606 2146 776 2200; x_wconf 79' lang='lat' dir='ltr'><strong>ordinibusad</strong></span> <span class='ocrx_word' id='word_1_107' title='bbox 781 2150 895 2220; x_wconf 83' lang='lat' dir='ltr'><strong>primum</strong></span> <span class='ocrx_word' id='word_1_108' title='bbox 902 2145 988 2220; x_wconf 78' lang='lat' dir='ltr'><strong>pilum</strong></span> <span class='ocrx_word' id='word_1_109' title='bbox 995 2167 1022 2200; x_wconf 87' lang='lat' dir='ltr'><strong>se</strong></span> <span class='ocrx_word' id='word_1_110' title='bbox 1031 2161 1111 2200; x_wconf 80' lang='lat' dir='ltr'><strong>trans·</strong></span> 
     </span>
     <span class='ocr_line' id='line_1_16' title="bbox 101 2223 933 2300; baseline -0.002 -21"><span class='ocrx_word' id='word_1_111' title='bbox 101 2245 121 2279; x_wconf 83' lang='lat' dir='ltr'><strong>t.</strong></span> <span class='ocrx_word' id='word_1_112' title='bbox 139 2229 323 2281; x_wconf 77' lang='lat' dir='ltr'><strong>Denurteiante</strong></span> <span class='ocrx_word' id='word_1_113' title='bbox 342 2225 485 2300; x_wconf 89' lang='lat' dir='ltr'><strong>Pompeio,</strong></span> <span class='ocrx_word' id='word_1_114' title='bbox 509 2239 559 2277; x_wconf 89' lang='lat' dir='ltr'><strong>etc.</strong></span> <span class='ocrx_word' id='word_1_115' title='bbox 606 2223 704 2277; x_wconf 87' lang='lat' dir='ltr'><strong>ducere</strong></span> <span class='ocrx_word' id='word_1_116' title='bbox 715 2229 933 2297; x_wconf 75' lang='lat' dir='ltr'><strong>pronunciavit.-</strong></span> 
     </span>
     <span class='ocr_line' id='line_1_17' title="bbox 70 2302 1112 2380; baseline -0.006 -20"><span class='ocrx_word' id='word_1_117' title='bbox 70 2307 123 2360; x_wconf 71' lang='lat' dir='ltr'><strong>ees.</strong></span> <span class='ocrx_word' id='word_1_118' title='bbox 135 2309 160 2361; x_wconf 81' lang='grc' dir='ltr'><strong>Β.</strong></span> <span class='ocrx_word' id='word_1_119' title='bbox 174 2311 202 2363; x_wconf 85' lang='lat' dir='ltr'><strong>C.</strong></span> <span class='ocrx_word' id='word_1_120' title='bbox 213 2314 241 2375; x_wconf 93' lang='lat'><strong>1,</strong></span> <span class='ocrx_word' id='word_1_121' title='bbox 255 2309 309 2362; x_wconf 80' lang='lat'><strong>33:</strong></span> <span class='ocrx_word' id='word_1_122' title='bbox 329 2331 341 2354; x_wconf 72' lang='grc' dir='ltr'>ι</span> <span class='ocrx_word' id='word_1_123' title='bbox 350 2309 493 2380; x_wconf 87' lang='lat' dir='ltr'><strong>Pompeius</strong></span> <span class='ocrx_word' id='word_1_124' title='bbox 507 2305 561 2358; x_wconf 86' lang='lat' dir='ltr'><strong>dis·</strong></span> <span class='ocrx_word' id='word_1_125' title='bbox 641 2303 666 2356; x_wconf 84' lang='grc'><strong>5.</strong></span> <span class='ocrx_word' id='word_1_126' title='bbox 677 2305 757 2356; x_wconf 79' lang='lat' dir='ltr'><strong>Motis</strong></span> <span class='ocrx_word' id='word_1_127' title='bbox 766 2303 837 2378; x_wconf 80' lang='lat' dir='ltr'><strong>apud</strong></span> <span class='ocrx_word' id='word_1_128' title='bbox 846 2302 960 2356; x_wconf 80' lang='lat' dir='ltr'><strong>Ilerdam</strong></span> <span class='ocrx_word' id='word_1_129' title='bbox 972 2303 1112 2356; x_wconf 77' lang='lat' dir='ltr'><strong>deditionis</strong></span> 
     </span>
     <span class='ocr_line' id='line_1_18' title="bbox 71 2383 1109 2456; baseline -0.001 -22"><span class='ocrx_word' id='word_1_130' title='bbox 71 2383 153 2440; x_wconf 82' lang='lat' dir='ltr'><strong>cedens</strong></span> <span class='ocrx_word' id='word_1_131' title='bbox 165 2387 197 2438; x_wconf 85' lang='lat' dir='ltr'><strong>eb</strong></span> <span class='ocrx_word' id='word_1_132' title='bbox 209 2387 284 2439; x_wconf 84' lang='lat' dir='ltr'><strong>Urbe</strong></span> <span class='ocrx_word' id='word_1_133' title='bbox 296 2387 323 2437; x_wconf 89' lang='lat' dir='ltr'><strong>in</strong></span> <span class='ocrx_word' id='word_1_134' title='bbox 335 2387 433 2440; x_wconf 79' lang='lat' dir='ltr'><strong>Senatu</strong></span> <span class='ocrx_word' id='word_1_135' title='bbox 446 2384 560 2448; x_wconf 77' lang='lat' dir='ltr'><strong>dixerat,</strong></span> <span class='ocrx_word' id='word_1_136' title='bbox 604 2383 810 2446; x_wconf 74' lang='lat' dir='ltr'><strong>conditionibus5</strong></span> <span class='ocrx_word' id='word_1_137' title='bbox 824 2386 852 2436; x_wconf 90' lang='lat' dir='ltr'><strong>iu</strong></span> <span class='ocrx_word' id='word_1_138' title='bbox 868 2385 1012 2456; x_wconf 79' lang='lat' dir='ltr'><strong>Hispania,</strong></span> <span class='ocrx_word' id='word_1_139' title='bbox 1026 2403 1109 2455; x_wconf 89' lang='lat' dir='ltr'><strong>quum</strong></span> 
     </span>
     <span class='ocr_line' id='line_1_19' title="bbox 71 2459 1109 2536; baseline -0.002 -24"><span class='ocrx_word' id='word_1_140' title='bbox 71 2463 151 2516; x_wconf 87' lang='lat' dir='ltr'><strong>eodem</strong></span> <span class='ocrx_word' id='word_1_141' title='bbox 163 2487 188 2520; x_wconf 83' lang='lat' dir='ltr'><strong>se</strong></span> <span class='ocrx_word' id='word_1_142' title='bbox 197 2466 355 2519; x_wconf 84' lang='lat' dir='ltr'><strong>habiturum</strong></span> <span class='ocrx_word' id='word_1_143' title='bbox 366 2465 441 2530; x_wconf 86' lang='lat' dir='ltr'><strong>loco,</strong></span> <span class='ocrx_word' id='word_1_144' title='bbox 453 2467 499 2536; x_wconf 89' lang='lat' dir='ltr'><strong>qui</strong></span> <span class='ocrx_word' id='word_1_145' title='bbox 507 2465 561 2515; x_wconf 83' lang='lat' dir='ltr'><strong>tto-</strong></span> <span class='ocrx_word' id='word_1_146' title='bbox 604 2459 704 2513; x_wconf 84' lang='lat' dir='ltr'><strong>beilum</strong></span> <span class='ocrx_word' id='word_1_147' title='bbox 716 2475 817 2534; x_wconf 74' lang='lat' dir='ltr'><strong>gereret</strong></span> <span class='ocrx_word' id='word_1_148' title='bbox 829 2475 924 2513; x_wconf 84' lang='lat' dir='ltr'><strong>contre</strong></span> <span class='ocrx_word' id='word_1_149' title='bbox 935 2461 1070 2512; x_wconf 74' lang='lat' dir='ltr'><strong>Afranium</strong></span> <span class='ocrx_word' id='word_1_150' title='bbox 1084 2473 1109 2511; x_wconf 90' lang='lat' dir='ltr'><strong>et</strong></span> 
     </span>
     <span class='ocr_line' id='line_1_20' title="bbox 72 2539 1109 2614; baseline -0.001 -24"><span class='ocrx_word' id='word_1_151' title='bbox 72 2559 110 2592; x_wconf 80' lang='lat' dir='ltr'><strong>ne</strong></span> <span class='ocrx_word' id='word_1_152' title='bbox 120 2547 314 2612; x_wconf 76' lang='lat' dir='ltr'><strong>remansissent,</strong></span> <span class='ocrx_word' id='word_1_153' title='bbox 327 2557 353 2595; x_wconf 90' lang='lat' dir='ltr'><strong>et</strong></span> <span class='ocrx_word' id='word_1_154' title='bbox 365 2544 411 2614; x_wconf 90' lang='lat' dir='ltr'><strong>qui</strong></span> <span class='ocrx_word' id='word_1_155' title='bbox 425 2542 452 2593; x_wconf 92' lang='lat' dir='ltr'><strong>in</strong></span> <span class='ocrx_word' id='word_1_156' title='bbox 467 2543 560 2594; x_wconf 85' lang='lat' dir='ltr'><strong>castris</strong></span> <span class='ocrx_word' id='word_1_157' title='bbox 604 2542 744 2594; x_wconf 83' lang='lat' dir='ltr'><strong>Petreium.</strong></span> <span class='ocrx_word' id='word_1_158' title='bbox 758 2543 860 2593; x_wconf 77' lang='lat' dir='ltr'><strong>ductor</strong></span> <span class='ocrx_word' id='word_1_159' title='bbox 871 2539 986 2613; x_wconf 75' lang='lat' dir='ltr'><strong>perfidie²</strong></span> <span class='ocrx_word' id='word_1_160' title='bbox 999 2541 1109 2592; x_wconf 81' lang='lat' dir='ltr'><strong>maxime</strong></span> 
     </span>
     <span class='ocr_line' id='line_1_21' title="bbox 71 2619 1109 2694; baseline -0.001 -23"><span class='ocrx_word' id='word_1_161' title='bbox 71 2620 164 2676; x_wconf 76' lang='lat' dir='ltr'><strong>cesaris</strong></span> <span class='ocrx_word' id='word_1_162' title='bbox 176 2627 297 2677; x_wconf 82' lang='lat' dir='ltr'><strong>fuissent.</strong></span> <span class='ocrx_word' id='word_1_163' title='bbox 309 2649 319 2670; x_wconf 71' lang='lat' dir='ltr'>a</span> <span class='ocrx_word' id='word_1_164' title='bbox 332 2621 401 2674; x_wconf 88' lang='lat' dir='ltr'><strong>Plut.</strong></span> <span class='ocrx_word' id='word_1_165' title='bbox 411 2623 504 2694; x_wconf 85' lang='lat' dir='ltr'><strong>Pomp.</strong></span> <span class='ocrx_word' id='word_1_166' title='bbox 514 2621 558 2682; x_wconf 83' lang='lat'><strong>61;</strong></span> <span class='ocrx_word' id='word_1_167' title='bbox 604 2621 731 2673; x_wconf 82' lang='lat' dir='ltr'><strong>Petreius.</strong></span> <span class='ocrx_word' id='word_1_168' title='bbox 743 2619 809 2672; x_wconf 85' lang='lat' dir='ltr'><strong>Vide</strong></span> <span class='ocrx_word' id='word_1_169' title='bbox 821 2621 884 2674; x_wconf 75' lang='lat' dir='ltr'><strong>Cres.</strong></span> <span class='ocrx_word' id='word_1_170' title='bbox 896 2619 959 2671; x_wconf 85' lang='lat' dir='ltr'><strong>Beli.</strong></span> <span class='ocrx_word' id='word_1_171' title='bbox 967 2621 1023 2672; x_wconf 80' lang='lat' dir='ltr'><strong>Cir.</strong></span> <span class='ocrx_word' id='word_1_172' title='bbox 1033 2621 1057 2686; x_wconf 86' lang='lat' dir='ltr'><strong>l,</strong></span> <span class='ocrx_word' id='word_1_173' title='bbox 1066 2619 1109 2688; x_wconf 86' lang='lat'><strong>75,</strong></span> 
     </span>
     <span class='ocr_line' id='line_1_22' title="bbox 71 2697 1109 2774; baseline -0.003 -23"><span class='ocrx_word' id='word_1_174' title='bbox 71 2699 170 2771; x_wconf 73' lang='lat' dir='ltr'><strong>Appian.</strong></span> <span class='ocrx_word' id='word_1_175' title='bbox 184 2705 231 2774; x_wconf 82' lang='lat'><strong>37;</strong></span> <span class='ocrx_word' id='word_1_176' title='bbox 245 2705 314 2767; x_wconf 89' lang='lat' dir='ltr'><strong>Dio,</strong></span> <span class='ocrx_word' id='word_1_177' title='bbox 328 2701 399 2767; x_wconf 82' lang='lat' dir='ltr'><strong>XLI,</strong></span> <span class='ocrx_word' id='word_1_178' title='bbox 413 2699 438 2751; x_wconf 90' lang='grc'><strong>6.</strong></span> <span class='ocrx_word' id='word_1_179' title='bbox 605 2699 652 2768; x_wconf 85' lang='lat'><strong>76,</strong></span> <span class='ocrx_word' id='word_1_180' title='bbox 663 2697 1109 2770; x_wconf 72' lang='lat' dir='ltr'><strong>77.—Subitupoenitentia5pttete</strong></span> 
     </span>
     <span class='ocr_line' id='line_1_23' title="bbox 96 2775 863 2853; baseline -0.003 -23"><span class='ocrx_word' id='word_1_181' title='bbox 96 2777 115 2830; x_wconf 82' lang='grc'><strong>3.</strong></span> <span class='ocrx_word' id='word_1_182' title='bbox 124 2779 216 2834; x_wconf 81' lang='lat' dir='ltr'><strong>Medios</strong></span> <span class='ocrx_word' id='word_1_183' title='bbox 221 2783 283 2853; x_wconf 91' lang='lat' dir='ltr'><strong>,·qui</strong></span> <span class='ocrx_word' id='word_1_184' title='bbox 291 2799 377 2852; x_wconf 88' lang='lat' dir='ltr'><strong>neque</strong></span> <span class='ocrx_word' id='word_1_185' title='bbox 385 2777 418 2829; x_wconf 81' lang='lat' dir='ltr'><strong>ad</strong></span> <span class='ocrx_word' id='word_1_186' title='bbox 427 2793 558 2846; x_wconf 85' lang='lat' dir='ltr'><strong>se,neque</strong></span> <span class='ocrx_word' id='word_1_187' title='bbox 604 2795 699 2848; x_wconf 86' lang='lat' dir='ltr'><strong>nempe</strong></span> <span class='ocrx_word' id='word_1_188' title='bbox 712 2775 863 2828; x_wconf 86' lang='lat' dir='ltr'><strong>deditionis.</strong></span> 
     </span>
     <span class='ocr_line' id='line_1_24' title="bbox 71 2851 1109 2930; baseline -0.001 -24"><span class='ocrx_word' id='word_1_189' title='bbox 71 2853 99 2906; x_wconf 83' lang='lat' dir='ltr'><strong>td</strong></span> <span class='ocrx_word' id='word_1_190' title='bbox 107 2859 250 2930; x_wconf 86' lang='lat' dir='ltr'><strong>Pompeium</strong></span> <span class='ocrx_word' id='word_1_191' title='bbox 260 2857 433 2920; x_wconf 76' lang='lat' dir='ltr'><strong>inclinarent5</strong></span> <span class='ocrx_word' id='word_1_192' title='bbox 444 2856 490 2926; x_wconf 82' lang='lat' dir='ltr'><strong>qrti</strong></span> <span class='ocrx_word' id='word_1_193' title='bbox 499 2874 560 2906; x_wconf 84' lang='lat' dir='ltr'><strong>neu·</strong></span> <span class='ocrx_word' id='word_1_194' title='bbox 639 2855 664 2906; x_wconf 88' lang='lat'><strong>6.</strong></span> <span class='ocrx_word' id='word_1_195' title='bbox 677 2853 741 2905; x_wconf 85' lang='lat' dir='ltr'><strong>Acie</strong></span> <span class='ocrx_word' id='word_1_196' title='bbox 753 2851 906 2906; x_wconf 76' lang='lat' dir='ltr'><strong>Pharsalica</strong></span> <span class='ocrx_word' id='word_1_197' title='bbox 918 2851 1109 2924; x_wconf 75' lang='lat' dir='ltr'><strong>proclamavit,</strong></span> 
     </span>
     <span class='ocr_line' id='line_1_25' title="bbox 71 2931 1163 3010; baseline 0 -27"><span class='ocrx_word' id='word_1_198' title='bbox 71 2935 124 2988; x_wconf 83' lang='lat' dir='ltr'><strong>triut</strong></span> <span class='ocrx_word' id='word_1_199' title='bbox 137 2943 215 3010; x_wconf 80' lang='lat' dir='ltr'><strong>partie</strong></span> <span class='ocrx_word' id='word_1_200' title='bbox 232 2951 331 2992; x_wconf 86' lang='lat' dir='ltr'><strong>essent.</strong></span> <span class='ocrx_word' id='word_1_201' title='bbox 351 2940 405 2989; x_wconf 86' lang='lat' dir='ltr'><strong>Hos</strong></span> <span class='ocrx_word' id='word_1_202' title='bbox 424 2935 476 2988; x_wconf 87' lang='lat' dir='ltr'><strong>sibi</strong></span> <span class='ocrx_word' id='word_1_203' title='bbox 494 2953 558 2987; x_wconf 85' lang='lat' dir='ltr'><strong>ceu·</strong></span> <span class='ocrx_word' id='word_1_204' title='bbox 603 2945 654 2984; x_wconf 88' lang='lat' dir='ltr'><strong>ete.</strong></span> <span class='ocrx_word' id='word_1_205' title='bbox 665 2933 735 2983; x_wconf 80' lang='lat' dir='ltr'><strong>Flor.</strong></span> <span class='ocrx_word' id='word_1_206' title='bbox 747 2933 790 2999; x_wconf 88' lang='lat' dir='ltr'><strong>lv,</strong></span> <span class='ocrx_word' id='word_1_207' title='bbox 803 2951 834 2997; x_wconf 85' lang='lat'><strong>2,</strong></span> <span class='ocrx_word' id='word_1_208' title='bbox 848 2931 900 2984; x_wconf 79' lang='lat'><strong>50:</strong></span> <span class='ocrx_word' id='word_1_209' title='bbox 920 2933 1027 2982; x_wconf 71' lang='lat' dir='ltr'><strong>«Voces</strong></span> <span class='ocrx_word' id='word_1_210' title='bbox 1038 2951 1106 3002; x_wconf 88' lang='lat' dir='ltr'><strong>quo·</strong></span> <span class='ocrx_word' id='word_1_211' title='bbox 1156 2947 1163 2962; x_wconf 83' lang='lat'><strong>¹</strong></span> 
     </span>
     <span class='ocr_line' id='line_1_26' title="bbox 71 3008 1108 3087; baseline -0.003 -24"><span class='ocrx_word' id='word_1_212' title='bbox 71 3016 114 3067; x_wconf 89' lang='lat' dir='ltr'><strong>tins</strong></span> <span class='ocrx_word' id='word_1_213' title='bbox 123 3017 201 3071; x_wconf 72' lang='lat' dir='ltr'><strong>Cesar</strong></span> <span class='ocrx_word' id='word_1_214' title='bbox 212 3022 314 3071; x_wconf 82' lang='lat' dir='ltr'><strong>amicos</strong></span> <span class='ocrx_word' id='word_1_215' title='bbox 325 3018 428 3068; x_wconf 76' lang='lat' dir='ltr'><strong>futuros</strong></span> <span class='ocrx_word' id='word_1_216' title='bbox 438 3033 558 3087; x_wconf 89' lang='lat' dir='ltr'><strong>pronun·</strong></span> <span class='ocrx_word' id='word_1_217' title='bbox 573 3012 576 3020; x_wconf 79' lang='grc'><em>’</em></span> <span class='ocrx_word' id='word_1_218' title='bbox 603 3026 655 3079; x_wconf 90' lang='lat' dir='ltr'><strong>que</strong></span> <span class='ocrx_word' id='word_1_219' title='bbox 676 3008 855 3080; x_wconf 77' lang='lat' dir='ltr'><strong>obequitantis</strong></span> <span class='ocrx_word' id='word_1_220' title='bbox 874 3023 1005 3079; x_wconf 83' lang='lat' dir='ltr'><strong>excepue,</strong></span> <span class='ocrx_word' id='word_1_221' title='bbox 1027 3010 1108 3062; x_wconf 79' lang='lat' dir='ltr'><strong>alteru</strong></span> 
     </span>
     <span class='ocr_line' id='line_1_27' title="bbox 72 3083 1107 3161; baseline -0.004 -19"><span class='ocrx_word' id='word_1_222' title='bbox 72 3095 117 3146; x_wconf 82' lang='lat' dir='ltr'><strong>titt.</strong></span> <span class='ocrx_word' id='word_1_223' title='bbox 134 3099 225 3151; x_wconf 67' lang='lat' dir='ltr'><strong>Noster</strong></span> <span class='ocrx_word' id='word_1_224' title='bbox 241 3100 313 3150; x_wconf 68' lang='lat' dir='ltr'><strong>infra</strong></span> <span class='ocrx_word' id='word_1_225' title='bbox 328 3097 422 3161; x_wconf 66' lang='lat' dir='ltr'><strong>etiam,</strong></span> <span class='ocrx_word' id='word_1_226' title='bbox 442 3095 504 3145; x_wconf 73' lang='lat' dir='ltr'><strong>Ner,</strong></span> <span class='ocrx_word' id='word_1_227' title='bbox 521 3111 556 3160; x_wconf 65' lang='grc' dir='ltr'><strong>ῃ,</strong></span> <span class='ocrx_word' id='word_1_228' title='bbox 602 3098 725 3152; x_wconf 84' lang='lat' dir='ltr'><strong>cruenta,</strong></span> <span class='ocrx_word' id='word_1_229' title='bbox 736 3085 782 3137; x_wconf 85' lang='lat' dir='ltr'><strong>sed</strong></span> <span class='ocrx_word' id='word_1_230' title='bbox 790 3083 884 3154; x_wconf 84' lang='lat' dir='ltr'><strong>docta,</strong></span> <span class='ocrx_word' id='word_1_231' title='bbox 894 3099 920 3137; x_wconf 87' lang='lat' dir='ltr'><strong>et</strong></span> <span class='ocrx_word' id='word_1_232' title='bbox 930 3085 1107 3139; x_wconf 80' lang='lat' dir='ltr'><strong>advictoriuui</strong></span> 
     </span>
     <span class='ocr_line' id='line_1_28' title="bbox 74 3161 1108 3247; baseline -0.002 -27"><span class='ocrx_word' id='word_1_233' title='bbox 74 3175 247 3232; x_wconf 61' lang='lat' dir='ltr'><strong>tcongultame</strong></span> <span class='ocrx_word' id='word_1_234' title='bbox 256 3177 305 3232; x_wconf 72' lang='lat' dir='ltr'><strong>cn¹</strong></span> <span class='ocrx_word' id='word_1_235' title='bbox 316 3177 443 3247; x_wconf 68' lang='lat' dir='ltr'><strong>pompeio</strong></span> <span class='ocrx_word' id='word_1_236' title='bbox 456 3173 489 3225; x_wconf 62' lang='lat' dir='ltr'><strong>de</strong></span> <span class='ocrx_word' id='word_1_237' title='bbox 501 3191 556 3224; x_wconf 69' lang='lat' dir='ltr'><strong>me.</strong></span> <span class='ocrx_word' id='word_1_238' title='bbox 602 3163 709 3230; x_wconf 72' lang='lat' dir='ltr'><strong>efficax,</strong></span> <span class='ocrx_word' id='word_1_239' title='bbox 723 3163 815 3232; x_wconf 80' lang='lat' dir='ltr'><strong>Miles,</strong></span> <span class='ocrx_word' id='word_1_240' title='bbox 825 3164 925 3236; x_wconf 83' lang='lat' dir='ltr'><strong>faciem</strong></span> <span class='ocrx_word' id='word_1_241' title='bbox 936 3161 1010 3236; x_wconf 78' lang='lat' dir='ltr'><strong>seri,-</strong></span> <span class='ocrx_word' id='word_1_242' title='bbox 1026 3165 1108 3218; x_wconf 78' lang='lat' dir='ltr'><strong>altere</strong></span> 
     </span>
     <span class='ocr_line' id='line_1_29' title="bbox 71 3240 1109 3330; baseline 0.001 -35"><span class='ocrx_word' id='word_1_243' title='bbox 71 3253 262 3310; x_wconf 59' lang='lat' dir='ltr'><strong>dissegneugmm</strong></span> <span class='ocrx_word' id='word_1_244' title='bbox 272 3267 375 3330; x_wconf 63' lang='lat' dir='ltr'><strong>pamm</strong></span> <span class='ocrx_word' id='word_1_245' title='bbox 385 3252 556 3326; x_wconf 59' lang='lat' dir='ltr'><strong>sequentibus,</strong></span> <span class='ocrx_word' id='word_1_246' title='bbox 602 3240 636 3293; x_wconf 88' lang='lat' dir='ltr'><strong>sd</strong></span> <span class='ocrx_word' id='word_1_247' title='bbox 651 3243 824 3311; x_wconf 74' lang='lat' dir='ltr'><strong>jactationem</strong></span> <span class='ocrx_word' id='word_1_248' title='bbox 844 3246 1009 3315; x_wconf 85' lang='lat' dir='ltr'><strong>composita,</strong></span> <span class='ocrx_word' id='word_1_249' title='bbox 1027 3245 1109 3297; x_wconf 83' lang='lat' dir='ltr'><strong>Parce</strong></span> 
     </span>
     <span class='ocr_line' id='line_1_30' title="bbox 20 3321 1105 3406; baseline -0.015 -16"><span class='ocrx_word' id='word_1_250' title='bbox 20 3362 32 3376; x_wconf 70' lang='lat'>²</span> <span class='ocrx_word' id='word_1_251' title='bbox 71 3331 125 3401; x_wconf 75' lang='lat' dir='ltr'><strong>(Cn.</strong></span> <span class='ocrx_word' id='word_1_252' title='bbox 135 3337 279 3406; x_wconf 83' lang='lat' dir='ltr'><strong>Domitius)</strong></span> <span class='ocrx_word' id='word_1_253' title='bbox 294 3333 366 3388; x_wconf 83' lang='lat' dir='ltr'><strong>solus</strong></span> <span class='ocrx_word' id='word_1_254' title='bbox 379 3334 495 3398; x_wconf 87' lang='lat' dir='ltr'><strong>censuit,</strong></span> <span class='ocrx_word' id='word_1_255' title='bbox 507 3330 556 3382; x_wconf 91' lang='lat' dir='ltr'><strong>ho·</strong></span> <span class='ocrx_word' id='word_1_256' title='bbox 601 3321 713 3386; x_wconf 62' lang='lat' dir='ltr'><strong>civilius,</strong></span> <span class='ocrx_word' id='word_1_257' title='bbox 736 3339 818 3392; x_wconf 79' lang='lat' dir='ltr'><strong>quum</strong></span> <span class='ocrx_word' id='word_1_258' title='bbox 839 3322 896 3393; x_wconf 89' lang='lat' dir='ltr'><strong>ipss</strong></span> <span class='ocrx_word' id='word_1_259' title='bbox 917 3336 1105 3392; x_wconf 81' lang='lat' dir='ltr'><strong>sequeretur.»</strong></span> 
     </span>
     <span class='ocr_line' id='line_1_31' title="bbox 73 3397 1106 3470; baseline -0.002 -17"><span class='ocrx_word' id='word_1_260' title='bbox 73 3415 137 3466; x_wconf 62' lang='lat' dir='ltr'><strong>nium</strong></span> <span class='ocrx_word' id='word_1_261' title='bbox 147 3437 251 3470; x_wconf 62' lang='lat' dir='ltr'><strong>,mmm</strong></span> <span class='ocrx_word' id='word_1_262' title='bbox 261 3414 410 3470; x_wconf 59' lang='lat' dir='ltr'><strong>habendos,</strong></span> <span class='ocrx_word' id='word_1_263' title='bbox 422 3434 433 3459; x_wconf 82' lang='lat'>.</span> <span class='ocrx_word' id='word_1_264' title='bbox 601 3401 688 3451; x_wconf 85' lang='lat' dir='ltr'><strong>Locus</strong></span> <span class='ocrx_word' id='word_1_265' title='bbox 696 3397 801 3463; x_wconf 74' lang='lat' dir='ltr'><strong>velleii,</strong></span> <span class='ocrx_word' id='word_1_266' title='bbox 812 3401 848 3464; x_wconf 86' lang='lat'><strong>11,</strong></span> <span class='ocrx_word' id='word_1_267' title='bbox 859 3397 961 3463; x_wconf 79' lang='lat' dir='ltr'><strong>52,ubi</strong></span> <span class='ocrx_word' id='word_1_268' title='bbox 971 3399 1004 3451; x_wconf 88' lang='lat' dir='ltr'><strong>de</strong></span> <span class='ocrx_word' id='word_1_269' title='bbox 1014 3401 1106 3453; x_wconf 82' lang='lat' dir='ltr'><strong>eodem</strong></span> 
     </span>
    </p>
   </div>
   <div class='ocr_carea' id='block_1_4' title="bbox 74 3477 1106 3644">
    <p class='ocr_par' dir='ltr' id='par_1_4' title="bbox 74 3477 1106 3644">
     <span class='ocr_line' id='line_1_32' title="bbox 100 3477 1105 3569; baseline -0.014 -27"><span class='ocrx_word' id='word_1_270' title='bbox 100 3495 121 3562; x_wconf 68' lang='lat'><strong>4.</strong></span> <span class='ocrx_word' id='word_1_271' title='bbox 136 3497 225 3569; x_wconf 52' lang='lat' dir='ltr'><strong>Quibus</strong></span> <span class='ocrx_word' id='word_1_272' title='bbox 237 3510 354 3550; x_wconf 52' lang='lat' dir='ltr'><strong>,mmm</strong></span> <span class='ocrx_word' id='word_1_273' title='bbox 369 3493 471 3547; x_wconf 66' lang='lat' dir='ltr'><strong>ordine,</strong></span> <span class='ocrx_word' id='word_1_274' title='bbox 481 3489 558 3542; x_wconf 58' lang='lat' dir='ltr'><strong>dede.</strong></span> <span class='ocrx_word' id='word_1_275' title='bbox 603 3498 631 3530; x_wconf 87' lang='lat' dir='ltr'><strong>re</strong></span> <span class='ocrx_word' id='word_1_276' title='bbox 644 3495 743 3545; x_wconf 87' lang='lat' dir='ltr'><strong>sermo,</strong></span> <span class='ocrx_word' id='word_1_277' title='bbox 756 3477 865 3532; x_wconf 82' lang='lat' dir='ltr'><strong>mutiius</strong></span> <span class='ocrx_word' id='word_1_278' title='bbox 879 3492 927 3531; x_wconf 90' lang='lat' dir='ltr'><strong>est.</strong></span> <span class='ocrx_word' id='word_1_279' title='bbox 938 3479 978 3531; x_wconf 77' lang='lat' dir='ltr'><strong>Cf.</strong></span> <span class='ocrx_word' id='word_1_280' title='bbox 989 3481 1105 3552; x_wconf 80' lang='lat' dir='ltr'><strong>Appinn.</strong></span> 
     </span>
     <span class='ocr_line' id='line_1_33' title="bbox 74 3559 1106 3644; baseline -0.022 -10"><span class='ocrx_word' id='word_1_281' title='bbox 74 3585 116 3636; x_wconf 70' lang='lat'><strong>&#39;⁶¹3</strong></span> <span class='ocrx_word' id='word_1_282' title='bbox 127 3580 143 3628; x_wconf 85' lang='lat' dir='ltr'><strong>i·</strong></span> <span class='ocrx_word' id='word_1_283' title='bbox 156 3583 176 3629; x_wconf 87' lang='lat' dir='ltr'><strong>&#39;e.</strong></span> <span class='ocrx_word' id='word_1_284' title='bbox 192 3579 339 3642; x_wconf 84' lang='lat' dir='ltr'><strong>centuriae,</strong></span> <span class='ocrx_word' id='word_1_285' title='bbox 353 3593 400 3626; x_wconf 86' lang='lat' dir='ltr'><strong>seu</strong></span> <span class='ocrx_word' id='word_1_286' title='bbox 413 3589 480 3644; x_wconf 88' lang='lat' dir='ltr'><strong>quos</strong></span> <span class='ocrx_word' id='word_1_287' title='bbox 493 3587 557 3620; x_wconf 90' lang='lat' dir='ltr'><strong>cen·</strong></span> <span class='ocrx_word' id='word_1_288' title='bbox 602 3561 644 3612; x_wconf 87' lang='lat'><strong>80.</strong></span> <span class='ocrx_word' id='word_1_289' title='bbox 653 3561 775 3611; x_wconf 76' lang='lat' dir='ltr'><strong>Mutuom</strong></span> <span class='ocrx_word' id='word_1_290' title='bbox 785 3559 857 3612; x_wconf 84' lang='lat' dir='ltr'><strong>iilam</strong></span> <span class='ocrx_word' id='word_1_291' title='bbox 867 3579 927 3612; x_wconf 86' lang='lat' dir='ltr'><strong>enm</strong></span> <span class='ocrx_word' id='word_1_292' title='bbox 938 3559 1040 3613; x_wconf 64' lang='lat' dir='ltr'><strong>Cursore</strong></span> <span class='ocrx_word' id='word_1_293' title='bbox 1049 3561 1106 3612; x_wconf 84' lang='lat' dir='ltr'><strong>isu-</strong></span> 
     </span>
    </p>
   </div>
   <div class='ocr_carea' id='block_1_5' title="bbox 73 3637 1107 3802">
    <p class='ocr_par' dir='ltr' id='par_1_5' title="bbox 73 3637 1107 3802">
     <span class='ocr_line' id='line_1_34' title="bbox 73 3637 1107 3712; baseline -0.008 -14"><span class='ocrx_word' id='word_1_294' title='bbox 73 3653 285 3708; x_wconf 60' lang='lat' dir='ltr'><strong>turinnegfeoem,</strong></span> <span class='ocrx_word' id='word_1_295' title='bbox 296 3653 405 3705; x_wconf 67' lang='lat' dir='ltr'><strong>ltacaes,</strong></span> <span class='ocrx_word' id='word_1_296' title='bbox 414 3649 477 3703; x_wconf 70' lang='lat' dir='ltr'><strong>Bell,</strong></span> <span class='ocrx_word' id='word_1_297' title='bbox 486 3646 554 3700; x_wconf 80' lang='lat' dir='ltr'><strong>Gall,</strong></span> <span class='ocrx_word' id='word_1_298' title='bbox 602 3639 662 3692; x_wconf 92' lang='lat' dir='ltr'><strong>dem</strong></span> <span class='ocrx_word' id='word_1_299' title='bbox 675 3637 767 3690; x_wconf 84' lang='lat' dir='ltr'><strong>babuit</strong></span> <span class='ocrx_word' id='word_1_300' title='bbox 778 3639 832 3691; x_wconf 84' lang='lat' dir='ltr'><strong>dux</strong></span> <span class='ocrx_word' id='word_1_301' title='bbox 842 3640 914 3712; x_wconf 82' lang='lat' dir='ltr'><strong>apud</strong></span> <span class='ocrx_word' id='word_1_302' title='bbox 926 3659 976 3692; x_wconf 89' lang='lat' dir='ltr'><strong>nos</strong></span> <span class='ocrx_word' id='word_1_303' title='bbox 988 3638 1107 3692; x_wconf 81' lang='lat' dir='ltr'><strong>celeber-</strong></span> 
     </span>
     <span class='ocr_line' id='line_1_35' title="bbox 74 3717 1106 3802; baseline -0.019 -14"><span class='ocrx_word' id='word_1_304' title='bbox 74 3730 113 3798; x_wconf 69' lang='grc' dir='ltr'><strong>Ἦ,</strong></span> <span class='ocrx_word' id='word_1_305' title='bbox 132 3735 180 3802; x_wconf 69' lang='lat' dir='ltr'><strong>do:</strong></span> <span class='ocrx_word' id='word_1_306' title='bbox 208 3735 416 3797; x_wconf 66' lang='lat' dir='ltr'><strong>:centuriones,</strong></span> <span class='ocrx_word' id='word_1_307' title='bbox 443 3746 556 3801; x_wconf 89' lang='lat' dir='ltr'><strong>quorum</strong></span> <span class='ocrx_word' id='word_1_308' title='bbox 601 3719 690 3769; x_wconf 68' lang='lat' dir='ltr'><strong>rimus·</strong></span> <span class='ocrx_word' id='word_1_309' title='bbox 715 3717 865 3785; x_wconf 65' lang='lat' dir='ltr'><strong>dectttutt,</strong></span> <span class='ocrx_word' id='word_1_310' title='bbox 888 3719 970 3771; x_wconf 80' lang='lat' dir='ltr'><strong>Ornis.</strong></span> <span class='ocrx_word' id='word_1_311' title='bbox 985 3717 1048 3788; x_wconf 56' lang='grc' dir='ltr'><strong>βπ.</strong></span> <span class='ocrx_word' id='word_1_312' title='bbox 1075 3719 1106 3769; x_wconf 80' lang='lat' dir='ltr'><strong>de</strong></span> 
     </span>
    </p>
   </div>
   <div class='ocr_carea' id='block_1_6' title="bbox 73 3796 1105 3966">
    <p class='ocr_par' dir='ltr' id='par_1_6' title="bbox 73 3796 1105 3966">
     <span class='ocr_line' id='line_1_36' title="bbox 74 3796 1105 3886; baseline -0.009 -28"><span class='ocrx_word' id='word_1_313' title='bbox 74 3813 176 3865; x_wconf 78' lang='lat' dir='ltr'><strong>nonnulli</strong></span> <span class='ocrx_word' id='word_1_314' title='bbox 194 3834 225 3867; x_wconf 81' lang='lat' dir='ltr'><strong>ex</strong></span> <span class='ocrx_word' id='word_1_315' title='bbox 244 3813 410 3886; x_wconf 73' lang='lat' dir='ltr'><strong>inferioribus</strong></span> <span class='ocrx_word' id='word_1_316' title='bbox 427 3807 559 3862; x_wconf 76' lang='lat' dir='ltr'><strong>ordinibus</strong></span> <span class='ocrx_word' id='word_1_317' title='bbox 602 3797 785 3869; x_wconf 83' lang='lat' dir='ltr'><strong>Turenne(t“</strong></span> <span class='ocrx_word' id='word_1_318' title='bbox 793 3797 909 3870; x_wconf 78' lang='lat' dir='ltr'><strong>partie):</strong></span> <span class='ocrx_word' id='word_1_319' title='bbox 928 3820 943 3886; x_wconf 80' lang='lat'><strong>⁸.</strong></span> <span class='ocrx_word' id='word_1_320' title='bbox 951 3799 993 3849; x_wconf 92' lang='lat' dir='ltr'><strong>On</strong></span> <span class='ocrx_word' id='word_1_321' title='bbox 1009 3796 1042 3849; x_wconf 83' lang='lat' dir='ltr'><strong>i&#39;e</strong></span> <span class='ocrx_word' id='word_1_322' title='bbox 1054 3816 1105 3862; x_wconf 83' lang='lat' dir='ltr'><strong>vn,</strong></span> 
     </span>
     <span class='ocr_line' id='line_1_37' title="bbox 73 3873 1105 3966; baseline -0.012 -28"><span class='ocrx_word' id='word_1_323' title='bbox 73 3889 354 3966; x_wconf 75' lang='lat' dir='ltr'><strong>reliquerumiegionum</strong></span> <span class='ocrx_word' id='word_1_324' title='bbox 364 3889 465 3944; x_wconf 83' lang='lat' dir='ltr'><strong>virtutis</strong></span> <span class='ocrx_word' id='word_1_325' title='bbox 475 3905 557 3938; x_wconf 78' lang='lat' dir='ltr'><strong>causa</strong></span> <span class='ocrx_word' id='word_1_326' title='bbox 604 3901 615 3922; x_wconf 73' lang='grc' dir='ltr'>ι</span> <span class='ocrx_word' id='word_1_327' title='bbox 626 3873 692 3928; x_wconf 84' lang='lat' dir='ltr'><strong>dans</strong></span> <span class='ocrx_word' id='word_1_328' title='bbox 704 3875 729 3927; x_wconf 80' lang='lat' dir='ltr'><strong>ia</strong></span> <span class='ocrx_word' id='word_1_329' title='bbox 741 3877 857 3928; x_wconf 78' lang='lat' dir='ltr'><strong>femeute</strong></span> <span class='ocrx_word' id='word_1_330' title='bbox 871 3875 980 3928; x_wconf 76' lang='lat' dir='ltr'><strong>batetlie</strong></span> <span class='ocrx_word' id='word_1_331' title='bbox 992 3875 1038 3929; x_wconf 82' lang='lat' dir='ltr'><strong>des</strong></span> <span class='ocrx_word' id='word_1_332' title='bbox 1049 3875 1105 3927; x_wconf 84' lang='lat' dir='ltr'><strong>Du·</strong></span> 
     </span>
    </p>
   </div>
   <div class='ocr_carea' id='block_1_7' title="bbox 76 3953 1104 4044">
    <p class='ocr_par' dir='ltr' id='par_1_7' title="bbox 76 3953 1104 4044">
     <span class='ocr_line' id='line_1_38' title="bbox 76 3953 1104 4044; baseline -0.016 -21"><span class='ocrx_word' id='word_1_333' title='bbox 76 3968 98 4018; x_wconf 77' lang='lat' dir='ltr'><strong>in</strong></span> <span class='ocrx_word' id='word_1_334' title='bbox 114 3977 241 4044; x_wconf 66' lang='lat' dir='ltr'><strong>superiores</strong></span> <span class='ocrx_word' id='word_1_335' title='bbox 259 3986 335 4026; x_wconf 66' lang='lat' dir='ltr'><strong>eram</strong></span> <span class='ocrx_word' id='word_1_336' title='bbox 355 3971 456 4023; x_wconf 69' lang='grc' dir='ltr'><strong>οηὶῐηρς</strong></span> <span class='ocrx_word' id='word_1_337' title='bbox 475 3965 556 4035; x_wconf 65' lang='lat' dir='ltr'><strong>hujus</strong></span> <span class='ocrx_word' id='word_1_338' title='bbox 603 3953 1104 4020; x_wconf 70' lang='lat' dir='ltr'><strong>rnes,arreeberiesarmesdesmeins</strong></span> 
     </span>
    </p>
   </div>
   <div class='ocr_carea' id='block_1_8' title="bbox 74 4033 1103 4200">
    <p class='ocr_par' dir='ltr' id='par_1_8' title="bbox 74 4033 1103 4200">
     <span class='ocr_line' id='line_1_39' title="bbox 74 4033 1103 4118; baseline -0.016 -17"><span class='ocrx_word' id='word_1_339' title='bbox 74 4043 167 4118; x_wconf 66' lang='lat' dir='ltr'><strong>legionis</strong></span> <span class='ocrx_word' id='word_1_340' title='bbox 181 4052 359 4106; x_wconf 73' lang='lat' dir='ltr'><strong>transducti.»</strong></span> <span class='ocrx_word' id='word_1_341' title='bbox 378 4046 441 4101; x_wconf 84' lang='lat' dir='ltr'><strong>Reii.</strong></span> <span class='ocrx_word' id='word_1_342' title='bbox 458 4045 512 4098; x_wconf 81' lang='lat' dir='ltr'><strong>civ.</strong></span> <span class='ocrx_word' id='word_1_343' title='bbox 528 4046 555 4107; x_wconf 87' lang='lat'><strong>1,</strong></span> <span class='ocrx_word' id='word_1_344' title='bbox 604 4035 671 4088; x_wconf 76' lang='lat' dir='ltr'><strong>«des</strong></span> <span class='ocrx_word' id='word_1_345' title='bbox 685 4033 785 4085; x_wconf 84' lang='lat' dir='ltr'><strong>soldets</strong></span> <span class='ocrx_word' id='word_1_346' title='bbox 799 4035 947 4104; x_wconf 69' lang='lat' dir='ltr'><strong>etrangers,</strong></span> <span class='ocrx_word' id='word_1_347' title='bbox 959 4033 1054 4104; x_wconf 88' lang='lat' dir='ltr'><strong>qu’une</strong></span> <span class='ocrx_word' id='word_1_348' title='bbox 1066 4033 1103 4086; x_wconf 79' lang='lat' dir='ltr'><strong>fe·</strong></span> 
     </span>
     <span class='ocr_line' id='line_1_40' title="bbox 77 4112 1103 4200; baseline -0.015 -18"><span class='ocrx_word' id='word_1_349' title='bbox 77 4121 104 4176; x_wconf 76' lang='lat'><strong>3:</strong></span> <span class='ocrx_word' id='word_1_350' title='bbox 125 4129 212 4183; x_wconf 74' lang='lat' dir='ltr'><strong>unmiti</strong></span> <span class='ocrx_word' id='word_1_351' title='bbox 232 4129 350 4200; x_wconf 85' lang='lat' dir='ltr'><strong>undique</strong></span> <span class='ocrx_word' id='word_1_352' title='bbox 371 4146 402 4178; x_wconf 80' lang='lat' dir='ltr'><strong>ex</strong></span> <span class='ocrx_word' id='word_1_353' title='bbox 422 4119 555 4176; x_wconf 84' lang='lat' dir='ltr'><strong>veteribus</strong></span> <span class='ocrx_word' id='word_1_354' title='bbox 603 4117 706 4166; x_wconf 76' lang='lat' dir='ltr'><strong>urocite</strong></span> <span class='ocrx_word' id='word_1_355' title='bbox 718 4113 848 4166; x_wconf 83' lang='lat' dir='ltr'><strong>netnreiie</strong></span> <span class='ocrx_word' id='word_1_356' title='bbox 861 4112 997 4165; x_wconf 81' lang='lat' dir='ltr'><strong>nrbernait</strong></span> <span class='ocrx_word' id='word_1_357' title='bbox 1008 4133 1055 4167; x_wconf 91' lang='lat' dir='ltr'><strong>sur</strong></span> <span class='ocrx_word' id='word_1_358' title='bbox 1065 4115 1103 4167; x_wconf 83' lang='lat' dir='ltr'><strong>ies</strong></span> 
     </span>
    </p>
   </div>
   <div class='ocr_carea' id='block_1_9' title="bbox 75 4195 1059 4278">
    <p class='ocr_par' dir='ltr' id='par_1_9' title="bbox 75 4195 1059 4278">
     <span class='ocr_line' id='line_1_41' title="bbox 75 4195 1059 4278; baseline -0.032 -18"><span class='ocrx_word' id='word_1_359' title='bbox 75 4202 174 4278; x_wconf 69' lang='lat' dir='ltr'><strong>Pompeii</strong></span> <span class='ocrx_word' id='word_1_360' title='bbox 193 4209 348 4261; x_wconf 78' lang='lat' dir='ltr'><strong>exercitibus</strong></span> <span class='ocrx_word' id='word_1_361' title='bbox 369 4223 416 4276; x_wconf 83' lang='lat' dir='ltr'><strong>epe</strong></span> <span class='ocrx_word' id='word_1_362' title='bbox 435 4201 556 4274; x_wconf 84' lang='lat' dir='ltr'><strong>proemio-</strong></span> <span class='ocrx_word' id='word_1_363' title='bbox 603 4219 614 4240; x_wconf 79' lang='grc' dir='ltr'>ι</span> <span class='ocrx_word' id='word_1_364' title='bbox 625 4195 741 4244; x_wconf 81' lang='lat' dir='ltr'><strong>vuineus.</strong></span> <span class='ocrx_word' id='word_1_365' title='bbox 753 4214 765 4236; x_wconf 75' lang='grc' dir='ltr'>ι</span> <span class='ocrx_word' id='word_1_366' title='bbox 1052 4243 1059 4274; x_wconf 53' lang='grc' dir='ltr'><strong><em>Ι</em></strong></span> 
     </span>
    </p>
   </div>
   <div class='ocr_carea' id='block_1_10' title="bbox 0 0 1528 5128">
    <p class='ocr_par' dir='ltr' id='par_1_10' title="bbox 0 0 1528 5128">
     <span class='ocr_line' id='line_1_42' title="bbox 0 0 1528 5128; baseline 0 0"><span class='ocrx_word' id='word_1_367' title='bbox 0 0 1528 5128; x_wconf 95' lang='lat' dir='ltr'><strong> </strong></span> 
     </span>
    </p>
   </div>
  </div>
 </body>
</html>
