3036 5128
332 535 373 600 38
703 538 738 598 C.
765 535 998 602 SUETONll

330 685 434 756 quum
454 661 649 755 disciplina⁷
667 663 830 757 ctrlmque
848 668 1000 731 Romano
1018 667 1204 734 institutam
1222 681 1258 732 et
1275 688 1373 734 orno-

329 789 414 856 tum,
434 791 550 868 postes
564 776 757 843 universum
774 777 908 844 civitate
921 774 1067 844 donavit.
1085 782 1154 844 Nec
1166 774 1289 844 deinde
1303 777 1375 846 ulls

329 884 409 954 belli
428 889 620 969 occasione,
641 910 685 954 ne
703 883 819 978 injusti
838 885 975 981 quidem
996 909 1035 954 ec
1056 887 1252 979 periculosi,
1273 888 1375 956 obsti-

330 1000 422 1080 nuit,
438 1013 507 1064 tam
519 996 704 1082 foedemtis,
718 1021 824 1093 quem
837 998 965 1066 infestis
977 1021 1016 1066 ec
1028 997 1106 1067 feris
1119 998 1273 1092 gentibus
1285 1000 1375 1070 ultro

329 1108 510 1178 lacessitis:
530 1110 615 1179 adeo
632 1127 671 1182 nt
688 1115 829 1180 Senatus
848 1111 1037 1206 quondum,
1057 1111 1183 1204 legatos
1198 1111 1242 1179 ad
1261 1113 1375 1205 explo-

331 1220 475 1288 randum
503 1239 629 1292 statum
655 1222 841 1292 Galliarum
869 1221 1074 1306 mittendos,
1101 1223 1308 1306 decreverit,
1336 1249 1375 1292 ac

330 1329 520 1416 nonnulli⁸,
534 1332 729 1402 dedendum
740 1357 820 1400 eum
831 1331 1003 1415 hostibus,
1016 1336 1218 1403 censuerint.
1230 1332 1294 1402 Sed
1304 1357 1377 1426 pro

329 1465 426 1535 spere
438 1441 697 1514 decedenobuso
711 1442 829 1526 rebus,
845 1461 879 1512 et
889 1448 1030 1537 saepius,
1045 1461 1079 1512 et
1090 1443 1257 1537 plurium,
1270 1471 1375 1541 qtum
1427 1515 1432 1528 ,

327 1555 542 1650 quisquum¹⁰
556 1579 725 1656 unquam,
745 1551 877 1622 dierum
896 1554 1157 1650 supplicationes
1173 1557 1373 1650 impetravit.

374 1668 476 1734 XXV.
502 1668 613 1736 Gessit
625 1682 741 1740 autem
756 1675 896 1736 novem¹
913 1667 1030 1748 annis,
1046 1665 1169 1760 quibus
1185 1669 1221 1738 in
1235 1669 1376 1759 inperio

329 1775 409 1858 fuit,
423 1775 497 1845 htec
509 1777 596 1845 fere:
613 1780 757 1845 Omnem
769 1775 929 1859 Gelliam,
943 1801 1023 1872 quoe
1039 1775 1129 1844 saltu
1144 1783 1307 1871 Pyrenoeo
1319 1777 1376 1845 Al-

327 1884 496 1982 pibusque
518 1905 553 1956 et
575 1905 690 1956 monte
712 1887 892 1974 Gebenne,
916 1885 1180 1983 fluminibusque
1203 1885 1322 1958 Rheno
1345 1907 1377 1956 et

329 1994 493 2065 Rhodano
511 2003 714 2083 continetur,
735 2015 896 2094 putetque
913 2001 1059 2068 circuitu
1075 1999 1120 2068 ad
1140 1999 1191 2067 bis
1210 2016 1247 2068 ct
1266 2001 1377 2068 tricies

330 2122 466 2174 centum
483 2109 589 2178 millia
607 2135 788 2205 passuum,
808 2123 931 2206 praeter
950 2113 1057 2178 socius
1078 2135 1118 2178 ac
1136 2111 1222 2180 bene
1240 2114 1376 2180 meritus

331 2284 364 2338 de
378 2287 488 2357 singulis
503 2287 647 2358 militibus,
666 2293 711 2368 qui
725 2289 759 2342 ed
773 2309 830 2342 eom
875 2290 1070 2360 expeditionem
1094 2293 1288 2358 Britannicum,
1310 2291 1376 2345 Bell.

330 2365 467 2420 cohortem
482 2369 624 2440 pertinent.
874 2367 942 2420 Gall.
958 2371 1006 2435 Ν,
1018 2369 1068 2433 38;
1091 2383 1117 2422 et
1134 2369 1244 2424 totidem
1263 2383 1326 2442 post
1341 2371 1377 2422 si·

367 2444 613 2521 7.Disciplina,etc.
621 2447 768 2520 Disciplina
774 2467 831 2520 per-
875 2457 947 2496 ctum
959 2449 1217 2524 Vercingetorigem,
1230 2447 1294 2506 Bell.
1308 2447 1375 2501 Gall.

330 2526 396 2578 tinet
409 2523 444 2578 ud
462 2539 545 2580 anem
561 2546 716 2599 moremque
735 2525 831 2580 milito·
875 2525 936 2591 vlt,
948 2543 997 2596 90,
1011 2525 1058 2577 nbi
1071 2539 1159 2578 temen
1173 2527 1237 2594 Dio,
1251 2527 1313 2591 XL,
1330 2527 1378 2594 50,

329 2622 401 2666 rem3
412 2605 493 2676 junge
502 2623 564 2660 cum
574 2604 736 2660 institutam:
747 2606 832 2659 cultus
874 2622 942 2672 suo,
962 2622 996 2656 sn
1008 2604 1107 2659 librarii
1119 2625 1225 2672 errore,
1241 2606 1379 2677 sexaginta

330 2683 364 2736 ad
379 2703 450 2738 armo
467 2699 493 2737 et
509 2700 594 2738 vestes
612 2682 622 2754 (
631 2687 658 2738 la
675 2685 784 2758 tenue);
798 2688 830 2743 lis
875 2683 931 2736 dies
939 2683 1378 2750 hebetpostbellumolvile,adu·

330 2763 470 2818 omadatur
478 2761 556 2836 legio.
569 2763 607 2816 lto
617 2763 700 2830 infre,
710 2783 771 2835 cop.
783 2765 829 2834 84:
874 2761 981 2814 lationis
989 2765 1015 2815 in
1023 2762 1197 2815 decernendis
1206 2763 1378 2838 supplicatio-

330 2859 404 2892 arma
412 2879 419 2904 ,
433 2843 524 2916 quiem
535 2844 639 2897 exculti,
876 2840 955 2914 nibus
969 2841 1059 2894 nullus
1075 2841 1127 2894 fuit
1145 2839 1251 2896 modus.
1268 2841 1377 2918 Suppli-

368 2921 392 2972 8.
416 2923 566 2986 Nonnulli,
589 2937 639 2976 etc.
664 2927 722 2994 lpse
745 2925 830 2986 Cot0;
875 2921 957 2984 cotio,
972 2920 1323 2994 publicegratiarumectio.

327 2997 387 3048 vide
401 2997 469 3049 Plut.
484 2999 549 3052 Ces.
566 3017 607 3057 υ.
627 3031 662 3040 -
679 3002 831 3054 Dedendnm
911 2999 993 3050 XXV.
1004 3001 1306 3054 rememorantem
1317 3013 1377 3052 ante

329 3093 389 3126 eum
404 3073 521 3129 homins.
544 3077 654 3130 Solitum
667 3077 721 3131 hoc
735 3079 832 3131 Rome·
876 3077 978 3130 finitum
986 3076 1098 3130 alterum
1108 3078 1322 3154 quinquennium
1332 3078 1377 3148 (ex

328 3153 378 3203 nis.
394 3153 450 3204 Cic.
465 3152 498 3206 de
513 3155 590 3207 offic.
604 3157 653 3220 111,
666 3157 720 3209 30:
737 3159 830 3228 equod
876 3169 964 3207 mente
977 3155 1113 3229 Suetonii)
1132 3156 1166 3208 ud
1183 3155 1285 3208 bellum
1302 3155 1378 3210 civile

328 3231 357 3280 ni
368 3231 405 3282 ita
418 3245 499 3295 esset,
514 3251 651 3306 nunqnam
663 3234 751 3286 cleros
762 3238 831 3288 viros
875 3233 1011 3306 profectus
1030 3249 1077 3286 est.
1100 3265 1136 3274 -
1157 3235 1221 3288 Hoec
1235 3235 1310 3310 sere,
1326 3249 1375 3287 etc.

329 3305 440 3359 Senatus
457 3311 558 3363 vinctos
574 3309 696 3364 hostibus
712 3309 829 3366 dedidis-
875 3312 941 3364 Pliu.
957 3314 1023 3364 illst.
1036 3313 1096 3364 Nat.
1109 3315 1173 3382 Vll,
1188 3313 1234 3379 25,
1247 3315 1378 3366 Ceserem

331 3397 400 3437 tet.»
419 3387 510 3443 Hostes
529 3386 661 3442 hocloco
680 3390 745 3443 dicit
765 3394 831 3444 Sue·
876 3391 955 3462 signis
978 3391 1082 3444 collatis
1104 3394 1277 3466 quinquagies
1302 3391 1377 3445 uimi-

329 3466 419 3516 tonius
446 3467 566 3538 Usipetes
591 3481 617 3520 et
638 3467 829 3522 Tenchtheros.
876 3488 964 3536 casse,
986 3483 1012 3523 et
1031 3485 1126 3544 preter
1146 3473 1233 3525 civiles
1253 3474 1378 3525 victorias

328 3541 516 3597 Debellocum
525 3547 653 3620 lisgesto,
666 3547 830 3601 tideCesor.
875 3550 999 3604 undecies
1021 3563 1135 3603 centeno
1156 3563 1183 3605 et
1203 3551 1272 3606 xctt
1296 3551 1378 3606 millia

329 3623 395 3678 liell.
406 3624 476 3678 Gall.
486 3625 535 3692 lV,
548 3629 604 3679 init.
617 3627 695 3680 Dion.
706 3629 831 3695 xxxix,
876 3629 1012 3682 hominum
1022 3633 1110 3684 occisa
1119 3630 1216 3703 preliis
1226 3630 1260 3682 sb
1272 3649 1305 3684 eo
1317 3650 1378 3683 nor-

329 3707 362 3776 47
378 3725 433 3772 seq.
876 3721 924 3760 rut.
939 3711 979 3762 Cf.
995 3710 1085 3764 Vellei.
1100 3711 1138 3777 11,
1157 3711 1205 3782 47,
1225 3713 1270 3782 qui
1289 3724 1378 3762 tomen

365 3802 389 3853 9.
403 3785 588 3841 Decedentibns
594 3807 604 3848 ‚-
617 3805 665 3858 pro
672 3787 829 3854 cedentibus,
876 3789 1036 3840 modestiore
1052 3807 1163 3841 numero
1179 3788 1293 3861 amplius
1311 3808 1377 3860 quo-

330 3881 399 3916 novo
411 3885 475 3929 usu,
490 3870 512 3920 si
525 3867 604 3920 lectio
619 3883 692 3918 tuno.
875 3865 1014 3938 dringente
1025 3867 1107 3920 millia
1117 3867 1234 3920 hostiurn
1250 3886 1263 3919 a
1277 3869 1307 3921 C.
1321 3869 1379 3920 Ge-

368 3957 406 3996 10.
435 3946 519 4016 Quom
538 3947 674 4020 quisquam
694 3963 829 4018 unquam
876 3965 934 4000 sare
953 3965 1037 4013 caesa,
1057 3947 1133 4018 plura
1154 3959 1232 4021 cepta
1251 3945 1329 4010 dicit;
1351 3962 1377 4000 et

329 4021 761 4096 antectesarernnempe,qniipse
771 4043 832 4096 sup-
876 4027 983 4078 omnino
996 4029 1091 4094 Buris,
1104 4025 1238 4080 Dictiortn.
1253 4025 1340 4080 histor.
1353 4039 1378 4078 et

328 4093 484 4162 plicationes
506 4103 555 4154 sihi
576 4103 695 4156 decretos
716 4121 830 4155 comme·
875 4105 930 4158 crit.
944 4105 993 4157 sub
1003 4125 1060 4158 voc.
1074 4107 1159 4172 Cesar,
1172 4120 1228 4156 not.
1239 4107 1277 4170 D,
1288 4106 1332 4156 ubi
1343 4105 1378 4158 de

330 4186 413 4224 mosot
440 4179 588 4246 quindecim
617 4181 736 4244 dierum,
765 4180 828 4233 Bell.
875 4203 985 4235 numero
998 4203 1105 4248 eorum,
1123 4187 1168 4256 qui
1185 4184 1304 4252 inbellis
1320 4186 1378 4237 Cn-

328 4252 396 4302 Gall.
412 4255 448 4315 11,
464 4257 512 4316 35;
535 4262 625 4330 viginti
647 4259 749 4312 dicrum
769 4275 828 4332 post
876 4263 939 4313 soris
953 4266 1102 4333 perierunt,
1117 4264 1175 4316 inte
1188 4261 1314 4333 disputat.
