3122 5134
331 552 411 598 xxtv
568 537 816 606 RECENSUS
839 540 1127 609 EDlTlONUM

507 657 590 712 llorns
602 662 792 733 impresserunt
806 661 868 714 talio
879 663 961 716 multe
976 663 1063 718 simul.
1179 707 1188 716 ,

471 753 500 788 rt.
514 751 584 789 cccc.
596 754 674 792 txxu.
687 738 731 792 die
745 757 808 792 xvrt.
824 741 994 813 Septembris.

330 874 395 935 Fol.
407 876 454 937 Cf.
469 877 569 939 Maitt.
583 902 614 962 p.
627 881 695 942 313.
710 884 831 944 Panzer
843 885 877 943 T.
892 883 939 958 ll,
952 905 983 968 p.
997 882 1066 960 [βπ.

427 973 590 1038 Suetonius
601 977 639 1039 de
654 980 743 1040 claris
757 982 972 1042 Grammaticae
991 996 1021 1041 et
1036 979 1202 1042 Rhetorice
1219 982 1377 1065 scriptori-

330 1070 405 1147 bus,
422 1095 457 1134 ex
470 1077 677 1158 recognitione
688 1081 735 1140 Jo.
751 1080 796 1140 tl.
809 1081 950 1142 Tuscani.
965 1081 1078 1162 Incipit
1086 1079 1142 1140 fol.
1161 1102 1185 1142 r.
1200 1082 1377 1142 «Reveren-

330 1166 454 1230 dissimo
474 1170 601 1233 domino
623 1175 752 1235 domino
776 1174 911 1237 iohanni
932 1175 1015 1236 tituli
1034 1189 1214 1237 sanctorum
1237 1179 1327 1238 Nerei
1348 1190 1378 1238 et

331 1263 461 1327 Archilei
475 1271 642 1352 presbitero
656 1272 812 1333 Cardinali
824 1274 1014 1334 Novariensi.
1025 1271 1111 1334 lohes
1125 1272 1257 1334 Aloisius
1266 1275 1379 1335 Tusce-
1485 1293 1491 1302 ·

332 1385 390 1424 nus
400 1366 571 1429 Advocatus
582 1371 833 1431 consistorialis„
845 1371 882 1430 ln
895 1391 998 1431 aversa
1010 1374 1123 1454 pagina
1135 1373 1275 1454 sequitur
1289 1395 1303 1427 u
1311 1372 1379 1432 Sue·

332 1463 434 1522 tonius
446 1463 484 1522 de
496 1465 746 1526 Grammaticis„
766 1469 802 1526 ln
816 1465 878 1527 fine
897 1467 1026 1546 legitur:
1045 1468 1167 1545 arinis,
1182 1469 1263 1528 Laus
1277 1469 1376 1529 Deo.»

332 1554 361 1629 4.
374 1557 450 1618 min.
461 1581 483 1619 s.
496 1559 517 1620 l.
530 1581 556 1621 a.
570 1575 600 1622 et
611 1573 731 1644 typogr.
743 1562 793 1623 sed
807 1564 886 1624 circa
898 1583 948 1624 an.
968 1561 1055 1646 1474,
1070 1567 1152 1646 typis
1163 1567 1180 1624 J
1184 1585 1213 1624 o.
1226 1565 1378 1626 Gensber·

332 1654 375 1734 gii
397 1656 501 1716 Romae
523 1657 677 1740 impressa.
694 1695 733 1705 -
749 1660 819 1720 vid.
841 1660 971 1722 Auditfr.
991 1683 1021 1743 p.
1042 1662 1111 1754 393.
1132 1663 1250 1723 Panzer
1272 1665 1309 1722 T.
1331 1662 1377 1738 ll,

333 1774 363 1834 p.
378 1755 444 1816 528.
457 1755 608 1839 lleviczlty
619 1779 650 1838 p.
669 1758 733 1820 185.

378 1845 461 1932 ¹474·
477 1851 634 1913 Modestus
651 1853 735 1915 dere
753 1855 890 1916 militari.
903 1855 1106 1936 (Pomponius
1121 1857 1240 1936 Laetus)
1256 1856 1297 1916 de
1314 1877 1378 1916 ma-

333 1949 511 2029 gistratibus
525 1951 626 2028 urbis,
645 1964 675 2012 et
694 1953 885 2031 sacerdotiis,
904 1953 986 2014 etde
1005 1952 1133 2034 legibus.
1157 1954 1321 2016 Suetonius
1342 1953 1380 2015 de

334 2045 548 2124 Grammaticis
575 2061 604 2108 et
629 2049 813 2110 Rhetoribus
835 2069 870 2109 ex
898 2049 1074 2112 recensione
1096 2047 1248 2112 Johannis
1273 2050 1381 2112 Aloisii

335 2143 476 2204 Tuscani.
490 2144 527 2204 ln
541 2143 621 2204 fine:

479 2301 491 2325 ι
502 2280 588 2348 Quem
599 2279 676 2352 legis,
690 2284 833 2355 impressus
845 2281 908 2334 dum
921 2281 999 2335 stabit
1011 2283 1039 2334 in
1053 2300 1104 2334 aere
1116 2295 1234 2336 ctrecter

511 2357 582 2410 Dum
593 2377 647 2412 non
661 2359 740 2431 longa
752 2361 810 2414 dies
824 2362 868 2414 uel
882 2363 938 2413 fera
950 2364 1005 2414 feta
1019 2375 1139 2432 prement

479 2435 740 2510 Candida'perpetue
754 2459 809 2492 non
821 2441 902 2494 deerit
917 2443 986 2492 lama
1001 2442 1131 2493 Cremone
1253 2493 1255 2496 .

513 2515 666 2570 Phidiacum
679 2518 741 2571 hinc
756 2534 862 2591 superat
876 2520 1075 2572 Bartholomeus
1088 2519 1155 2572 ebur

479 2593 570 2648 Cedite
581 2595 788 2669 chalcographi:
802 2600 941 2652 millesima
951 2612 1037 2652 vestra
1052 2599 1136 2669 figura
1147 2611 1187 2650 est

514 2675 680 2750 Archetypum
693 2677 768 2749 lingit
782 2679 853 2732 solus
867 2692 893 2730 at
907 2681 956 2730 iste
970 2691 1055 2730 notas.

339 2826 372 2864 u.
387 2823 468 2864 cccc.
483 2801 769 2877 uxxtur,diexxv11
785 2801 859 2861 Mai.
874 2798 1022 2860 Niclaolao
1036 2798 1181 2859 Marcello
1197 2797 1274 2860 duce
1290 2821 1386 2861 uene·

338 2899 456 2959 ciarum
468 2911 616 2980 regnante
630 2900 813 2980 impressum
827 2897 887 2957 fuit
899 2895 1048 2978 hocopus
1063 2895 1212 2957 foeliciter.
1229 2897 1296 2957 Deo
1314 2919 1387 2979 gra-

339 2996 405 3055 tias.
416 3022 430 3053 u
445 2995 473 3071 4.
484 3031 522 3042 -
533 2995 580 3054 sic
594 2995 632 3055 de
646 2995 676 3060 la
690 2995 770 3055 Vall.
785 2996 815 3071 l,
831 3016 860 3077 p.
874 2995 942 3075 590.
959 2994 996 3053 ln
1012 2993 1193 3077 exemplari,
1209 2995 1296 3074 quod
1313 3015 1387 3055 con·

338 3091 433 3152 suluit
446 3092 617 3166 Maittaire‚
637 3091 694 3151 hos
710 3112 814 3152 versus
833 3091 884 3150 ille
903 3111 968 3150 non
988 3090 1122 3164 invenit,
1139 3089 1189 3150 sed
1206 3103 1388 3172 sequentem

339 3189 612 3270 subscriptionem:
630 3212 643 3242 c<
654 3189 822 3270 Impressus
841 3189 943 3270 Opera
954 3200 984 3246 et
998 3187 1158 3268 impendio
1175 3185 1388 3250 Bartholomei

339 3284 555 3344 Cremonensis
565 3303 600 3344 sc
613 3281 824 3343 Bartholomei
834 3282 873 3342 de
884 3280 975 3341 Carlo
988 3280 1184 3341 vercellensis
1197 3280 1262 3362 ejus
1278 3304 1390 3345 conso·

339 3382 396 3454 cii,
410 3380 531 3440 Venetis
542 3379 592 3439 die
606 3399 707 3455 xxvii,
719 3378 816 3438 Medii
832 3399 866 3439 rr.
880 3395 961 3437 enoc.
973 3396 1092 3436 nxxtut.
1105 3376 1228 3437 Nicolao
1238 3378 1389 3441 Marcello
1400 3365 1408 3382 ¹

338 3480 454 3562 inclyto
471 3479 669 3539 Venetierum
687 3477 798 3538 duces
819 3475 979 3559 Duplicem
994 3495 1068 3556 ergo
1084 3488 1200 3533 exstare
1218 3475 1389 3539 editionem
1506 3503 1512 3512 ·

339 3577 509 3639 verosimile
523 3589 575 3636 est.
589 3577 635 3636 Cf.
645 3576 745 3636 Maitt.
759 3598 788 3658 p.
799 3575 857 3655 339
871 3588 901 3634 et
912 3571 980 3648 384.
992 3574 1149 3632 PenzerT.
1160 3572 1219 3647 ΙΙΙ,
1232 3593 1262 3654 p.
1279 3575 1347 3635 103.

384 3674 467 3758 1475.
483 3675 519 3734 ln
532 3672 591 3733 lroc
605 3673 710 3734 codice
722 3675 924 3734 continentur
942 3669 1034 3728 Caius
1046 3669 1207 3728 Suetonius
1219 3669 1390 3754 Tranquil-

340 3773 389 3832 lus
402 3772 441 3834 de
460 3795 505 3834 ru
522 3771 706 3842 Cesaribus,
723 3772 818 3831 AElius
836 3769 1031 3851 Spartianus,
1052 3765 1152 3825 Julius
1172 3767 1389 3849 Capitolinus,

341 3871 434 3930 AElius
445 3869 654 3952 Lampridius,
666 3867 834 3928 Trevellius
847 3864 960 3939 Pollio,
971 3861 1093 3923 Flavius
1104 3862 1266 3944 Vopiscus,
1278 3865 1391 3926 Eutro-

342 3969 409 4050 pius
420 3982 451 4028 et
464 3969 577 4029 Paulus
593 3968 765 4041 Diaconus,
780 3966 818 4026 de
831 3983 940 4044 regum
954 3975 984 4022 et
997 3962 1217 4042 imperatorum
1228 3961 1390 4024 Romano·

341 4085 412 4125 rum
427 4066 499 4122 vita.
520 4100 558 4110 -
578 4064 780 4126 premittitur
804 4059 941 4144 Epistola
963 4057 1040 4117 Boni
1066 4056 1196 4116 Accursii
1216 4058 1323 4118 Pisani
1350 4062 1390 4122 ad

340 4159 487 4222 Cicclrum
502 4162 687 4224 Simonetam
700 4164 837 4245 primum
853 4156 994 4219 ducalem
1008 4155 1225 4227 Secretarium,
1240 4175 1314 4217 cum
1327 4158 1389 4220 Au-
