3026 5122
365 557 429 602 rao
729 537 771 614 [C.
798 533 1029 601 SUETONll

358 669 478 761 populi
487 666 744 736 acclamationes
754 661 1025 758 quidameturha
1034 679 1154 732 statuae
1162 659 1235 757 ejus
1244 689 1407 734 coronam

359 780 510 848 lauream
521 775 682 849 candida²
696 775 799 842 fascia
812 773 1020 866 praeligatum
1035 777 1267 867 imposuisset,
1284 793 1320 844 et
1335 780 1407 844 Tri

359 888 442 958 huni
451 888 559 984 plebis
568 882 725 980 Epidius³
736 884 1133 981 MarullusCaesetiusque
1140 887 1261 956 Flavus
1271 912 1406 957 coronae

358 998 496 1068 fasciam
507 996 657 1080 detrahi,
674 994 914 1090 hominemque
926 995 1004 1066 duci
1017 999 1052 1064 in
1064 996 1198 1066 vincula
1208 995 1405 1091 jussissent3

358 1107 478 1178 dolens
488 1133 548 1178 seu
557 1131 679 1204 parurn
689 1129 850 1200 prospere
859 1123 986 1186 motam
992 1109 1086 1200 regni
1093 1112 1312 1192 mentionem,
1323 1112 1406 1191 sive,

358 1235 408 1286 nt·
421 1219 570 1303 ferebat,
593 1234 742 1312 ereptam
767 1217 830 1286 sihi
855 1217 996 1312 gloriam
1019 1217 1214 1303 recusandi,
1233 1219 1405 1288 Tribunos

359 1335 504 1424 graviter
517 1333 698 1425 increpitos
714 1345 878 1424 potestate
894 1332 1056 1424 privavit:
1076 1355 1187 1427 neque
1203 1356 1246 1400 ex
1261 1354 1303 1400 eo
1320 1332 1405 1400 infa-

357 1445 462 1511 miam
487 1443 632 1512 affectati
660 1444 761 1510 etiam
789 1444 871 1535 regii
895 1444 1039 1510 nominis
1066 1439 1232 1512 discutere
1257 1442 1404 1525 tvatuit,

358 1578 565 1650 quamquam
574 1571 608 1621 et
616 1551 705 1646 plebi
717 1576 831 1646 regem
841 1576 877 1622 se
886 1553 1059 1638 salutanti,
1072 1585 1085 1614 ι
1096 1557 1262 1622 Caesarem
1270 1577 1323 1638 se,
1335 1577 1403 1622 non

357 1687 473 1756 regem
481 1687 570 1746 esse,
581 1695 594 1724 s
606 1661 831 1756 responderit,
845 1682 878 1731 et
889 1664 1163 1757 Lupercalibus⁵,
1174 1689 1235 1757 pro
1244 1669 1404 1733 Rostrisa

390 1879 412 1912 a.
422 1860 540 1912 Candida
541 1861 627 1933 fascia
633 1861 854 1932 proeliyatam.Al.
901 1865 925 1914 oi
936 1863 1116 1918 excedendum
1130 1865 1211 1936 foret,
1225 1873 1272 1916 ant
1283 1863 1404 1916 minuen-

353 1939 503 2014 proelipatc,
513 1954 542 1993 nt
550 1954 636 1993 status
646 1955 722 1994 antea
734 1941 855 1993 redimita
901 1941 936 1994 da
948 1944 1071 2014 dignitas.
1083 1968 1094 1992 ι

353 2019 599 2075 tueritdtadamne.
611 2020 679 2072 Illud
686 2021 857 2074 reddidicum
938 2023 962 2090 4.
976 2021 1074 2076 Voluit.
1089 2022 1129 2075 At.
1141 2020 1231 2076 voluit.
1244 2018 1298 2075 Sed
1308 2020 1404 2072 voluis·

353 2101 496 2151 Burmann.
513 2111 538 2150 ot
551 2097 725 2171 Oudendorp.
740 2101 781 2152 cf.
796 2100 859 2152 Plu·
902 2122 946 2168 se,
962 2116 1035 2174 patet
1049 2121 1063 2154 e
1077 2101 1254 2174 sequentibus.
1267 2103 1320 2152 Pro
1332 2099 1404 2171 plebi

353 2176 439 2231 tarch.
453 2179 518 2230 ees.
529 2177 559 2229 61
570 2199 576 2239 ς
587 2177 701 2249 Appian.
715 2179 779 2238 1083
791 2179 856 2246 Dio,
900 2202 947 2235 seu
961 2181 1062 2254 plebei,
1077 2183 1109 2236 al.
1122 2181 1232 2255 plebeio.
1247 2179 1301 2233 Sed
1313 2199 1403 2234 omnes

353 2258 451 2322 XLIV,
472 2275 498 2326 9.
526 2256 701 2309 Consentiunt
719 2272 855 2322 auctores,
902 2260 1402 2331 suctoresconsentiunt,pluresfuisse.

354 2336 388 2388 ab
406 2336 517 2387 inimicis
537 2333 570 2386 sd
587 2334 735 2406 aagendam
749 2335 856 2388 Cusaris
893 2381 897 2388 .
936 2339 962 2391 5.
982 2339 1178 2409 Lupercalibus„
1195 2357 1253 2411 quse
1268 2357 1292 2390 a.
1314 2338 1341 2391 d.
1357 2339 1403 2389 XV

355 2413 479 2467 insidiam
507 2429 561 2464 reus
587 2415 733 2465 institutam
766 2413 855 2466 luisse.
900 2416 959 2469 Kal.
973 2418 1052 2470 Mart.
1066 2420 1093 2470 in
1106 2419 1182 2471 l'snis
1193 2417 1325 2470 honorem
1338 2417 1403 2470 cele·

354 2493 506 2565 Defensio,
521 2509 569 2544 seu
583 2489 748 2556 diademate,
762 2493 856 2564 insigni
900 2493 971 2546 brari
990 2495 1119 2549 solebant.
1141 2499 1205 2549 llem
1225 2509 1317 2548 narrat
1334 2497 1401 2563 Dio,

353 2576 441 2644 regio,
456 2572 515 2625 vide
528 2573 600 2645 Lips.
613 2571 648 2624 ad
661 2571 745 2625 Tacit.
761 2571 855 2625 Annal.
901 2574 990 2637 XLlV,
1002 2591 1010 2626 t
1020 2591 1029 2625 t
1038 2597 1046 2638 ς
1056 2577 1091 2627 of.
1100 2574 1241 2628 utrcces.
1250 2575 1295 2636 613
1305 2577 1401 2626 Anton.

355 2654 408 2718 vl,
421 2653 466 2723 37.
677 2677 679 2682 ¹
904 2671 948 2716 ¹²3
961 2654 1074 2725 Appian.
1089 2653 1219 2724 109.Vell.
1232 2654 1271 2714 11,
1282 2653 1331 2708 56:
1341 2656 1403 2706 «cui

304 2757 309 2766 ·
389 2733 415 2785 ³.
426 2732 537 2803 Epidius
546 2728 680 2783 Marullus
690 2730 858 2802 Coesetiusque
901 2751 1022 2802 magnam
1040 2733 1166 2786 invidiam
1186 2732 1345 2785 conciliarat
1365 2732 1401 2784 hl.

353 2806 454 2863 Homo.
476 2811 567 2862 Caium
589 2809 644 2876 illi,
662 2809 726 2861 huic
746 2810 855 2862 Lucium
900 2813 1047 2879 Antonius,
1070 2813 1193 2866 omnibus
1213 2811 1342 2866 audendis
1359 2831 1403 2884 ps·

353 2905 504 2958 pronomen
513 2887 588 2940 addit
598 2889 662 2952 Dio,
673 2887 691 2939 l.
700 2907 722 2938 o.
732 2889 778 2959 qui
785 2927 793 2952 ,
800 2901 856 2939 tum
901 2893 1060 2960 ratissimum,
1070 2893 1224 2946 consulatus
1233 2893 1353 2964 collega,
1360 2895 1403 2944 im·

353 2965 460 3018 demum
473 2968 581 3037 punitos
591 2984 637 3018 eos
648 2967 771 3019 tffittte
778 2967 856 3032 dicit,
901 2974 1026 3045 ponendo
1045 2975 1125 3044 capiti
1141 2977 1198 3044 ejus
1213 2973 1403 3045 Lupercalibus

355 3061 437 3114 quum
454 3045 494 3108 ei,
511 3045 556 3116 qui
574 3045 675 3114 primus
691 3062 779 3114 regem
795 3061 855 3097 eunt
901 3052 1016 3106 sedentis
1039 3073 1088 3125 pro
1111 3055 1211 3108 Rostris
1234 3055 1339 3124 insigne
1363 3071 1402 3104 re·

354 3121 625 3194 appellaverat,diem
633 3121 767 3176 dixissent.
776 3123 857 3192 Quod
900 3137 988 3204 giam
1010 3134 1082 3207 quod
1102 3134 1135 3186 ab
1156 3153 1189 3186 ρο
1209 3135 1247 3184 ita
1266 3132 1401 3203 repulsum

355 3199 390 3254 ⁸3
399 3219 519 3272 Poenams
530 3199 652 3254 eumdem
660 3202 733 3270 ride,
743 3203 802 3275 ὸ81)·
812 3219 856 3267 ¹⁰3
901 3225 972 3279 erat,
983 3226 1013 3266 nt
1029 3233 1083 3266 non
1101 3215 1222 3266 offensus
1236 3212 1377 3264 videretur.
1387 3233 1399 3257 ι

353 3280 469 3350 ᾸΡΡῙἏΠ·
490 3278 557 3332 Plut.
577 3279 595 3332 l·
617 3299 640 3331 0·
657 3280 725 3332 Vell-
746 3282 785 3348 Π,
803 3280 855 3334 ⁶3²
900 3290 970 3344 Flor.
986 3295 1031 3356 tv,
1046 3309 1080 3358 a,
1093 3308 1143 3360 91:
1162 3291 1341 3356 «novissime,
1355 3289 1402 3341 du·

356 3371 483 3411 «notetur
491 3357 631 3413 immodica
642 3373 667 3412 et
676 3361 856 3432 intempestiva
901 3368 974 3420 bium
989 3387 1023 3422 an
1036 3372 1094 3441 ipso
1109 3370 1232 3434 volente,
1242 3368 1340 3422 ,oblata
1355 3387 1400 3439 pro

353 3437 856 3508 libertateusosadversusC.Cnsaretn,
900 3449 1001 3501 Rostris
1018 3448 1052 3500 ab
1068 3450 1185 3502 Antonio
1201 3447 1319 3502 consule
1332 3449 1402 3518 mgni

353 3517 495 3571 Marullum
503 3516 626 3590 Epidium
633 3518 857 3590 Flavumquecte-
899 3527 1025 3596 insignior
1038 3545 1094 3598 quse
1103 3529 1206 3594 omnia,
1216 3525 1290 3579 velut
1301 3526 1401 3592 infula,

353 3601 449 3652 setium
470 3598 591 3652 tribunos
609 3597 711 3670 plebis,
734 3598 799 3652 dunt
814 3617 858 3650 ar·
900 3605 927 3656 in
940 3603 1097 3658 destinatam
1108 3607 1188 3658 morti
1198 3607 1333 3658 victimam
1344 3623 1402 3658 con·

353 3683 857 3756 guuntineoregnicoluntaternpoene
901 3683 1091 3750 gerebanturn
1117 3685 1202 3738 Cicer.
1224 3684 1340 3758 Philipp.
1363 3687 1400 3746 ll,

353 3762 406 3812 virn
421 3760 606 3815 dominationis
618 3775 748 3833 expertos.
761 3764 792 3814 ln
804 3761 857 3817 hoc
901 3762 959 3830 342
983 3764 1118 3818 «sedehat
1138 3767 1166 3816 in
1187 3767 1279 3820 rostris
1301 3765 1399 3835 colleg·

353 3851 441 3892 tamen
459 3861 527 3914 sape
543 3840 658 3894 lacessiti
675 3842 802 3914 principis
818 3843 856 3894 ira
901 3854 978 3909 tuus,
994 3846 1106 3898 amictus
1123 3857 1187 3917 toga
1204 3863 1358 3916 purpurea,
1373 3845 1400 3894 in

354 3923 480 3985 excessit,
492 3934 529 3972 ut
547 3921 666 3975 censoria
684 3921 773 3993 potins
791 3937 856 3972 con·
900 3919 964 3973 sella
977 3941 1073 3985 aures,
1089 3937 1241 3976 coronatus.
1257 3923 1399 3984 Ascendis;

354 4008 441 4050 tentus
452 4015 528 4067 nota,
537 4021 617 4074 quarn
628 4001 855 4054 animadversione
900 4001 1005 4054 accedis
1016 4001 1051 4054 ad
1060 4002 1164 4066 sellum
1173 4003 1226 4074 (ita
1239 4021 1297 4056 eras
1306 4005 1401 4074 Luper·

353 4072 508 4145 dictatoria,
522 4094 700 4134 summoveret
715 4099 762 4134 eos
777 4099 792 4133 a
806 4079 856 4131 lle·
899 4097 963 4147 cus,
982 4094 1012 4132 ut
1029 4095 1056 4134 te
1073 4081 1216 4135 Consulem
1235 4101 1294 4135 esse
1312 4081 1399 4134 memi-

352 4152 478 4224 puhlica,
498 4169 705 4230 testareturque,
726 4178 784 4213 esse
805 4156 854 4211 sibi
899 4161 970 4212 nisse
983 4157 1252 4230 deheres;)diadems
1265 4159 1395 4214 ostendis:

353 4232 541 4300 miserrimum,
554 4235 626 4306 quod
639 4250 686 4288 aot
698 4249 793 4290 natura
807 4255 853 4290 sus
898 4239 1011 4305 gemitus
1023 4249 1080 4290 toto
1092 4239 1167 4291 foro:
1181 4237 1252 4292 onds
1261 4237 1398 4292 diadema?
